/Users/suzuki/github/papers_db/00_bibdatabase/archive.bib