#Abb
@Preamble{ " \newcommand{\noop}[1]{} " }

@ARTICLE{abbott16a,
   author = {{Abbott}, B.~P. and {Abbott}, R. and {Abbott}, T.~D. and {Abernathy}, M.~R. and
   {Acernese}, F. and {Ackley}, K. and {Adams}, C. and {Adams}, T. and
   {Addesso}, P. and {Adhikari}, R.~X. and et al.},
    title = "{Observation of Gravitational Waves from a Binary Black Hole Merger}",
  journal = {Physical Review Letters},
archivePrefix = "arXiv",
   eprint = {1602.03837},
 primaryClass = "gr-qc",
     year = 2016,
    month = feb,
   volume = 116,
   number = 6,
      eid = {061102},
    pages = {061102},
      doi = {10.1103/PhysRevLett.116.061102},
   adsurl = {http://adsabs.harvard.edu/abs/2016PhRvL.116f1102A},
  adsnote = {Provided by the SAO/NASA Astrophysics Data System}
}

@ARTICLE{Furusawa2008,
   author = {{Furusawa}, H. and {Kosugi}, G. and {Akiyama}, M. and {Takata}, T. and 
	{Sekiguchi}, K. and {Tanaka}, I. and {Iwata}, I. and {Kajisawa}, M. and 
	{Yasuda}, N. and {Doi}, M. and {Ouchi}, M. and {Simpson}, C. and 
	{Shimasaku}, K. and {Yamada}, T. and {Furusawa}, J. and {Morokuma}, T. and 
	{Ishida}, C.~M. and {Aoki}, K. and {Fuse}, T. and {Imanishi}, M. and 
	{Iye}, M. and {Karoji}, H. and {Kobayashi}, N. and {Kodama}, T. and 
	{Komiyama}, Y. and {Maeda}, Y. and {Miyazaki}, S. and {Mizumoto}, Y. and 
	{Nakata}, F. and {Noumaru}, J. and {Ogasawara}, R. and {Okamura}, S. and 
	{Saito}, T. and {Sasaki}, T. and {Ueda}, Y. and {Yoshida}, M.
	},
    title = "{The Subaru/XMM-Newton Deep Survey (SXDS). II. Optical Imaging and Photometric Catalogs}",
  journal = {\apjs},
archivePrefix = "arXiv",
   eprint = {0801.4017},
 keywords = {cosmology: observations, galaxies: evolution, galaxies: formation, galaxies: photometry, large-scale structure of universe},
     year = 2008,
    month = may,
   volume = 176,
    pages = {1-18},
      doi = {10.1086/527321},
   adsurl = {http://adsabs.harvard.edu/abs/2008ApJS..176....1F},
  adsnote = {Provided by the SAO/NASA Astrophysics Data System}
}


@ARTICLE{Sarajedini2011,
   author = {{Sarajedini}, V.~L. and {Koo}, D.~C. and {Klesman}, A.~J. and 
	{Laird}, E.~S. and {Perez Gonzalez}, P.~G. and {Mozena}, M.},
    title = "{Variability and Multiwavelength-detected Active Galactic Nuclei in the Goods Fields}",
  journal = {\apj},
archivePrefix = "arXiv",
   eprint = {1102.3653},
 keywords = {galaxies: active, surveys},
     year = 2011,
    month = apr,
   volume = 731,
      eid = {97},
    pages = {97},
      doi = {10.1088/0004-637X/731/2/97},
   adsurl = {http://adsabs.harvard.edu/abs/2011ApJ...731...97S},
  adsnote = {Provided by the SAO/NASA Astrophysics Data System}
}


@ARTICLE{abbott16b,
   author = {{Dark Energy Survey Collaboration} and {Abbott}, T. and {Abdalla}, F.~B. and
   {Aleksi{\'c}}, J. and {Allam}, S. and {Amara}, A. and {Bacon}, D. and 
   {Balbinot}, E. and {Banerji}, M. and {Bechtol}, K. and {Benoit-L{\'e}vy}, A. and
   {Bernstein}, G.~M. and {Bertin}, E. and {Blazek}, J. and {Bonnett}, C. and 
   {Bridle}, S. and {Brooks}, D. and {Brunner}, R.~J. and {Buckley-Geer}, E. and
   {Burke}, D.~L. and {Caminha}, G.~B. and {Capozzi}, D. and {Carlsen}, J. and 
   {Carnero-Rosell}, A. and {Carollo}, M. and {Carrasco-Kind}, M. and 
   {Carretero}, J. and {Castander}, F.~J. and {Clerkin}, L. and 
   {Collett}, T. and {Conselice}, C. and {Crocce}, M. and {Cunha}, C.~E. and
   {D'Andrea}, C.~B. and {da Costa}, L.~N. and {Davis}, T.~M. and  
   {Desai}, S. and {Diehl}, H.~T. and {Dietrich}, J.~P. and {Dodelson}, S. and
   {Doel}, P. and {Drlica-Wagner}, A. and {Estrada}, J. and {Etherington}, J. and
   {Evrard}, A.~E. and {Fabbri}, J. and {Finley}, D.~A. and {Flaugher}, B. and 
   {Foley}, R.~J. and {Fosalba}, P. and {Frieman}, J. and {Garc{\'{\i}}a-Bellido}, J. and
   {Gaztanaga}, E. and {Gerdes}, D.~W. and {Giannantonio}, T. and 
   {Goldstein}, D.~A. and {Gruen}, D. and {Gruendl}, R.~A. and 
   {Guarnieri}, P. and {Gutierrez}, G. and {Hartley}, W. and {Honscheid}, K. and
   {Jain}, B. and {James}, D.~J. and {Jeltema}, T. and {Jouvel}, S. and 
   {Kessler}, R. and {King}, A. and {Kirk}, D. and {Kron}, R. and 
   {Kuehn}, K. and {Kuropatkin}, N. and {Lahav}, O. and {Li}, T.~S. and
   {Lima}, M. and {Lin}, H. and {Maia}, M.~A.~G. and {Makler}, M. and 
   {Manera}, M. and {Maraston}, C. and {Marshall}, J.~L. and {Martini}, P. and
   {McMahon}, R.~G. and {Melchior}, P. and {Merson}, A. and {Miller}, C.~J. and
   {Miquel}, R. and {Mohr}, J.~J. and {Morice-Atkinson}, X. and 
   {Naidoo}, K. and {Neilsen}, E. and {Nichol}, R.~C. and {Nord}, B. and
   {Ogando}, R. and {Ostrovski}, F. and {Palmese}, A. and {Papadopoulos}, A. and
   {Peiris}, H.~V. and {Peoples}, J. and {Percival}, W.~J. and 
   {Plazas}, A.~A. and {Reed}, S.~L. and {Refregier}, A. and {Romer}, A.~K. and
   {Roodman}, A. and {Ross}, A. and {Rozo}, E. and {Rykoff}, E.~S. and 
   {Sadeh}, I. and {Sako}, M. and {S{\'a}nchez}, C. and {Sanchez}, E. and
   {Santiago}, B. and {Scarpine}, V. and {Schubnell}, M. and {Sevilla-Noarbe}, I. and
   {Sheldon}, E. and {Smith}, M. and {Smith}, R.~C. and {Soares-Santos}, M. and 
   {Sobreira}, F. and {Soumagnac}, M. and {Suchyta}, E. and {Sullivan}, M. and 
   {Swanson}, M. and {Tarle}, G. and {Thaler}, J. and {Thomas}, D. and  
   {Thomas}, R.~C. and {Tucker}, D. and {Vieira}, J.~D. and {Vikram}, V. and
   {Walker}, A.~R. and {Wechsler}, R.~H. and {Weller}, J. and {Wester}, W. and
   {Whiteway}, L. and {Wilcox}, H. and {Yanny}, B. and {Zhang}, Y. and  
   {Zuntz}, J.},
    title = "{The Dark Energy Survey: more than dark energy - an overview}",
  journal = {\mnras},
archivePrefix = "arXiv",
   eprint = {1601.00329},
 keywords = {surveys, minor planets, asteroids: general, supernovae: general, Galaxy: general, galaxies: general, quasars: general},
     year = 2016,
    month = aug,
   volume = 460,
    pages = {1270-1299},
      doi = {10.1093/mnras/stw641},
   adsurl = {http://adsabs.harvard.edu/abs/2016MNRAS.460.1270D},
  adsnote = {Provided by the SAO/NASA Astrophysics Data System}
} 

@ARTICLE{abbott17a,
   author = {{Abbott}, B.~P. and {Abbott}, R. and {Abbott}, T.~D. and {Acernese}, F. and 
	{Ackley}, K. and {Adams}, C. and {Adams}, T. and {Addesso}, P. and 
	{Adhikari}, R.~X. and {Adya}, V.~B. and et al.},
    title = "{Multi-messenger Observations of a Binary Neutron Star Merger}",
  journal = {\apjl},
archivePrefix = "arXiv",
   eprint = {1710.05833},
 primaryClass = "astro-ph.HE",
 keywords = {gravitational waves, stars: neutron },
     year = 2017,
    month = oct,
   volume = 848,
      eid = {L12},
    pages = {L12},
      doi = {10.3847/2041-8213/aa91c9},
   adsurl = {http://adsabs.harvard.edu/abs/2017ApJ...848L..12A},
  adsnote = {Provided by the SAO/NASA Astrophysics Data System}
}

#As
@ARTICLE{astier06a,
   author = {{Astier}, P. and {Guy}, J. and {Regnault}, N. and {Pain}, R. and
   {Aubourg}, E. and {Balam}, D. and {Basa}, S. and {Carlberg}, R.~G. and
   {Fabbro}, S. and {Fouchez}, D. and {Hook}, I.~M. and {Howell}, D.~A. and
   {Lafoux}, H. and {Neill}, J.~D. and {Palanque-Delabrouille}, N. and
   {Perrett}, K. and {Pritchet}, C.~J. and {Rich}, J. and {Sullivan}, M. and
   {Taillet}, R. and {Aldering}, G. and {Antilogus}, P. and {Arsenijevic}, V. and
   {Balland}, C. and {Baumont}, S. and {Bronder}, J. and {Courtois}, H. and
   {Ellis}, R.~S. and {Filiol}, M. and {Gon{\c c}alves}, A.~C. and
   {Goobar}, A. and {Guide}, D. and {Hardin}, D. and {Lusset}, V. and
   {Lidman}, C. and {McMahon}, R. and {Mouchet}, M. and {Mourao}, A. and
   {Perlmutter}, S. and {Ripoche}, P. and {Tao}, C. and {Walton}, N.
   },
    title = "{The Supernova Legacy Survey: measurement of {$\Omega$}_{M}, {$\Omega$}_{\lambda}  and w from the first year data set}",
  journal = {\aap},
   eprint = {arXiv:astro-ph/0510447},
     year = 2006,
    month = feb,
   volume = 447,
    pages = {31},
      doi = {10.1051/0004-6361:20054185},
    adsurl = {http://adsabs.harvard.edu/abs/2006A%26A...447...31A}
}

@ARTICLE{freedman09b,
   author = {{Freedman}, W.~L. and {Burns}, C.~R. and {Phillips}, M.~M. and
   {Wyatt}, P. and {Persson}, S.~E. and {Madore}, B.~F. and {Contreras}, C. and
   {Folatelli}, G. and {Gonzalez}, E.~S. and {Hamuy}, M. and {Hsiao}, E. and
   {Kelson}, D.~D. and {Morrell}, N. and {Murphy}, D.~C. and {Roth}, M. and
   {Stritzinger}, M. and {Sturch}, L. and {Suntzeff}, N.~B. and
   {Astier}, P. and {Balland}, C. and {Bassett}, B. and {Boldt}, L. and
   {Carlberg}, R.~G. and {Conley}, A.~J. and {Frieman}, J.~A. and
   {Garnavich}, P.~M. and {Guy}, J. and {Hardin}, D. and {Howell}, D.~A. and
   {Kessler}, R. and {Lampeitl}, H. and {Marriner}, J. and {Pain}, R. and
   {Perrett}, K. and {Regnault}, N. and {Riess}, A.~G. and {Sako}, M. and
   {Schneider}, D.~P. and {Sullivan}, M. and {Wood-Vasey}, M.},
    title = "{The Carnegie Supernova Project: First Near-Infrared Hubble Diagram to z \~{} 0.7}",
  journal = {\apj},
archivePrefix = "arXiv",
   eprint = {0907.4524},
 keywords = {cosmology: observations, distance scale, supernovae: general},
     year = 2009,
    month = oct,
   volume = 704,
    pages = {1036},
      doi = {10.1088/0004-637X/704/2/1036},
   adsurl = {http://adsabs.harvard.edu/abs/2009ApJ...704.1036F},
  adsnote = {Provided by the SAO/NASA Astrophysics Data System}
}

@ARTICLE{frieman08a,
   author = {{Frieman}, J.~A. and {Bassett}, B. and {Becker}, A. and {Choi}, C. and
   {Cinabro}, D. and {DeJongh}, F. and {Depoy}, D.~L. and {Dilday}, B. and
   {Doi}, M. and {Garnavich}, P.~M. and {Hogan}, C.~J. and {Holtzman}, J. and
   {Im}, M. and {Jha}, S. and {Kessler}, R. and {Konishi}, K. and
   {Lampeitl}, H. and {Marriner}, J. and {Marshall}, J.~L. and
   {McGinnis}, D. and {Miknaitis}, G. and {Nichol}, R.~C. and {Prieto}, J.~L. and
   {Riess}, A.~G. and {Richmond}, M.~W. and {Romani}, R. and {Sako}, M. and
   {Schneider}, D.~P. and {Smith}, M. and {Takanashi}, N. and {Tokita}, K. and
   {van der Heyden}, K. and {Yasuda}, N. and {Zheng}, C. and {Adelman-McCarthy}, J. and
   {Annis}, J. and {Assef}, R.~J. and {Barentine}, J. and {Bender}, R. and
   {Blandford}, R.~D. and {Boroski}, W.~N. and {Bremer}, M. and
   {Brewington}, H. and {Collins}, C.~A. and {Crotts}, A. and {Dembicky}, J. and
   {Eastman}, J. and {Edge}, A. and {Edmondson}, E. and {Elson}, E. and 
   {Eyler}, M.~E. and {Filippenko}, A.~V. and {Foley}, R.~J. and
   {Frank}, S. and {Goobar}, A. and {Gueth}, T. and {Gunn}, J.~E. and
   {Harvanek}, M. and {Hopp}, U. and {Ihara}, Y. and {Ivezi{\'c}}, {\v Z}. and
   {Kahn}, S. and {Kaplan}, J. and {Kent}, S. and {Ketzeback}, W. and
   {Kleinman}, S.~J. and {Kollatschny}, W. and {Kron}, R.~G. and
   {Krzesi{\'n}ski}, J. and {Lamenti}, D. and {Leloudas}, G. and 
   {Lin}, H. and {Long}, D.~C. and {Lucey}, J. and {Lupton}, R.~H. and
   {Malanushenko}, E. and {Malanushenko}, V. and {McMillan}, R.~J. and
   {Mendez}, J. and {Morgan}, C.~W. and {Morokuma}, T. and {Nitta}, A. and 
   {Ostman}, L. and {Pan}, K. and {Rockosi}, C.~M. and {Romer}, A.~K. and
   {Ruiz-Lapuente}, P. and {Saurage}, G. and {Schlesinger}, K. and
   {Snedden}, S.~A. and {Sollerman}, J. and {Stoughton}, C. and
   {Stritzinger}, M. and {Subba Rao}, M. and {Tucker}, D. and {Vaisanen}, P. and
   {Watson}, L.~C. and {Watters}, S. and {Wheeler}, J.~C. and {Yanny}, B. and
   {York}, D.}, 
    title = "{The Sloan Digital Sky Survey-II Supernova Survey: Technical Summary}",
  journal = {\aj},
archivePrefix = "arXiv",
   eprint = {0708.2749}, 
 keywords = {supernovae: general, surveys},
     year = 2008,
    month = jan,
   volume = 135,
    pages = {338-347},
      doi = {10.1088/0004-6256/135/1/338},
   adsurl = {http://adsabs.harvard.edu/abs/2008AJ....135..338F},
  adsnote = {Provided by the SAO/NASA Astrophysics Data System}
} 

@ARTICLE{howell06a,
   author = {{Howell}, D.~A. and {Sullivan}, M. and {Nugent}, P.~E. and {Ellis}, R.~S. and
   {Conley}, A.~J. and {Le Borgne}, D. and {Carlberg}, R.~G. and
   {Guy}, J. and {Balam}, D. and {Basa}, S. and {Fouchez}, D. and
   {Hook}, I.~M. and {Hsiao}, E.~Y. and {Neill}, J.~D. and {Pain}, R. and
   {Perrett}, K.~M. and {Pritchet}, C.~J.},
    title = "{The type Ia supernova SNLS-03D3bb from a super-Chandrasekhar-mass white dwarf star}",
  journal = {\nat},
   eprint = {arXiv:astro-ph/0609616},
     year = 2006,
    month = sep,
   volume = 443,
    pages = {308-311},
      doi = {10.1038/nature05103},
   adsurl = {http://adsabs.harvard.edu/abs/2006Natur.443..308H}
}

@ARTICLE{goobar17a,
   author = {{Goobar}, A. and {Amanullah}, R. and {Kulkarni}, S.~R. and {Nugent}, P.~E. and
   {Johansson}, J. and {Steidel}, C. and {Law}, D. and {M{\"o}rtsell}, E. and
   {Quimby}, R. and {Blagorodnova}, N. and {Brandeker}, A. and
   {Cao}, Y. and {Cooray}, A. and {Ferretti}, R. and {Fremling}, C. and
   {Hangard}, L. and {Kasliwal}, M. and {Kupfer}, T. and {Lunnan}, R. and
   {Masci}, F. and {Miller}, A.~A. and {Nayyeri}, H. and {Neill}, J.~D. and
   {Ofek}, E.~O. and {Papadogiannakis}, S. and {Petrushevska}, T. and
   {Ravi}, V. and {Sollerman}, J. and {Sullivan}, M. and {Taddia}, F. and
   {Walters}, R. and {Wilson}, D. and {Yan}, L. and {Yaron}, O.
   },
    title = "{iPTF16geu: A multiply imaged, gravitationally lensed type Ia supernova}",
  journal = {Science},
archivePrefix = "arXiv",
   eprint = {1611.00014},
     year = 2017,
    month = apr,
   volume = 356,
    pages = {291-295},
      doi = {10.1126/science.aal2729},
   adsurl = {http://adsabs.harvard.edu/abs/2017Sci...356..291G},
  adsnote = {Provided by the SAO/NASA Astrophysics Data System}
}

@ARTICLE{kimura17a,
       author = {{Kimura}, Akisato and {Takahashi}, Ichiro and {Tanaka}, Masaomi and
         {Yasuda}, Naoki and {Ueda}, Naonori and {Yoshida}, Naoki},
        title = "{Single-epoch supernova classification with deep convolutional neural networks}",
      journal = {arXiv e-prints},
     keywords = {Astrophysics - Instrumentation and Methods for Astrophysics, Computer Science - Computer Vision and Pattern Recognition},
         year = "2017",
        month = "Nov",
          eid = {arXiv:1711.11526},
        pages = {arXiv:1711.11526},
archivePrefix = {arXiv},
       eprint = {1711.11526},
 primaryClass = {astro-ph.IM},
       adsurl = {https://ui.adsabs.harvard.edu/abs/2017arXiv171111526K},
      adsnote = {Provided by the SAO/NASA Astrophysics Data System}
}

@ARTICLE{lee14a,
   author = {{Lee}, K.-G. and {Hennawi}, J.~F. and {Stark}, C. and {Prochaska}, J.~X. and
   {White}, M. and {Schlegel}, D.~J. and {Eilers}, A.-C. and {Arinyo-i-Prats}, A. and
   {Suzuki}, N. and {Croft}, R.~A.~C. and {Caputi}, K.~I. and {Cassata}, P. and
   {Ilbert}, O. and {Garilli}, B. and {Koekemoer}, A.~M. and {Le Brun}, V. and
   {Le F{\`e}vre}, O. and {Maccagni}, D. and {Nugent}, P. and {Taniguchi}, Y. and
   {Tasca}, L.~A.~M. and {Tresse}, L. and {Zamorani}, G. and {Zucca}, E.
   },
    title = "{Ly{$\alpha$} Forest Tomography from Background Galaxies: The First Megaparsec-resolution Large-scale Structure Map at z $\gt$ 2}",
  journal = {\apjl},
archivePrefix = "arXiv",
   eprint = {1409.5632},
 keywords = {cosmology: observations, galaxies: high-redshift, intergalactic medium, quasars: absorption lines, surveys, techniques: spectroscopic},
     year = 2014,
    month = nov,
   volume = 795,
      eid = {L12},
    pages = {L12},
      doi = {10.1088/2041-8205/795/1/L12},
   adsurl = {http://adsabs.harvard.edu/abs/2014ApJ...795L..12L},
  adsnote = {Provided by the SAO/NASA Astrophysics Data System}
}

@ARTICLE{madau2014sfr,
   author = {{Madau}, P. and {Dickinson}, M.},
    title = "{Cosmic Star-Formation History}",
  journal = {\araa},
archivePrefix = "arXiv",
   eprint = {1403.0007},
     year = 2014,
    month = aug,
   volume = 52,
    pages = {415-486},
      doi = {10.1146/annurev-astro-081811-125615},
   adsurl = {http://adsabs.harvard.edu/abs/2014ARA%26A..52..415M},
  adsnote = {Provided by the SAO/NASA Astrophysics Data System}
}

@ARTICLE{muthukrishna19d,
       author = {{Muthukrishna}, Daniel and {Narayan}, Gautham and {Mandel}, Kaisey S. and
         {Biswas}, Rahul and {Hlo{\v{z}}ek}, Ren{\'e}e},
        title = "{RAPID: Early Classification of Explosive Transients Using Deep Learning}",
      journal = {\pasp},
     keywords = {Astrophysics - Instrumentation and Methods for Astrophysics, Astrophysics - High Energy Astrophysical Phenomena, Computer Science - Machine Learning, Statistics - Machine Learning},
         year = "2019",
        month = "Nov",
       volume = {131},
       number = {1005},
        pages = {118002},
          doi = {10.1088/1538-3873/ab1609},
archivePrefix = {arXiv},
       eprint = {1904.00014},
 primaryClass = {astro-ph.IM},
       adsurl = {https://ui.adsabs.harvard.edu/abs/2019PASP..131k8002M},
      adsnote = {Provided by the SAO/NASA Astrophysics Data System}
}

@ARTICLE{muthukrishna19c,
       author = {{Muthukrishna}, Daniel and {Parkinson}, David and {Tucker}, Brad E.},
        title = "{DASH: Deep Learning for the Automated Spectral Classification of Supernovae and Their Hosts}",
      journal = {\apj},
     keywords = {methods: data analysis, methods: statistical, supernovae: general, surveys, techniques: spectroscopic, Astrophysics - Instrumentation and Methods for Astrophysics, Astrophysics - Cosmology and Nongalactic Astrophysics},
         year = "2019",
        month = "Nov",
       volume = {885},
       number = {1},
          eid = {85},
        pages = {85},
          doi = {10.3847/1538-4357/ab48f4},
archivePrefix = {arXiv},
       eprint = {1903.02557},
 primaryClass = {astro-ph.IM},
       adsurl = {https://ui.adsabs.harvard.edu/abs/2019ApJ...885...85M},
      adsnote = {Provided by the SAO/NASA Astrophysics Data System}
}

@ARTICLE{muthukrishna19b,
       author = {{Muthukrishna}, Daniel and {Narayan}, Gautham and {Mandel}, Kaisey S. and
         {Biswas}, Rahul and {Hlo{\v{z}}ek}, Ren{\'e}e},
        title = "{RAPID: Early Classification of Explosive Transients Using Deep Learning}",
      journal = {\pasp},
     keywords = {Astrophysics - Instrumentation and Methods for Astrophysics, Astrophysics - High Energy Astrophysical Phenomena, Computer Science - Machine Learning, Statistics - Machine Learning},
         year = "2019",
        month = "Nov",
       volume = {131},
       number = {1005},
        pages = {118002},
          doi = {10.1088/1538-3873/ab1609},
archivePrefix = {arXiv},
       eprint = {1904.00014},
 primaryClass = {astro-ph.IM},
       adsurl = {https://ui.adsabs.harvard.edu/abs/2019PASP..131k8002M},
      adsnote = {Provided by the SAO/NASA Astrophysics Data System}
}

@ARTICLE{quimby07b,
   author = {{Quimby}, R.~M. and {Aldering}, G. and {Wheeler}, J.~C. and
   {H{\"o}flich}, P. and {Akerlof}, C.~W. and {Rykoff}, E.~S.},
    title = "{SN 2005ap: A Most Brilliant Explosion}",
  journal = {\apjl},
archivePrefix = "arXiv",
   eprint = {0709.0302},
 keywords = {supernovae: individual (SN 2005ap)},
     year = 2007,
    month = oct,
   volume = 668,
    pages = {L99-L102},
      doi = {10.1086/522862},
   adsurl = {http://adsabs.harvard.edu/abs/2007ApJ...668L..99Q},
  adsnote = {Provided by the SAO/NASA Astrophysics Data System}
}

@ARTICLE{quimby2013slsnrate,
   author = {{Quimby}, R.~M. and {Yuan}, F. and {Akerlof}, C. and {Wheeler}, J.~C.
	},
    title = "{Rates of superluminous supernovae at z {\tilde} 0.2}",
  journal = {\mnras},
archivePrefix = "arXiv",
   eprint = {1302.0911},
 keywords = {supernovae: general},
     year = 2013,
    month = may,
   volume = 431,
    pages = {912-922},
      doi = {10.1093/mnras/stt213},
   adsurl = {http://adsabs.harvard.edu/abs/2013MNRAS.431..912Q},
  adsnote = {Provided by the SAO/NASA Astrophysics Data System}
}

@ARTICLE{scolnic17a,
   author = {{Scolnic}, D.~M. and {Jones}, D.~O. and {Rest}, A. and {Pan}, Y.~C. and
   {Chornock}, R. and {Foley}, R.~J. and {Huber}, M.~E. and {Kessler}, R. and
   {Narayan}, G. and {Riess}, A.~G. and {Rodney}, S. and {Berger}, E. and
   {Brout}, D.~J. and {Challis}, P.~J. and {Drout}, M. and {Finkbeiner}, D. and
   {Lunnan}, R. and {Kirshner}, R.~P. and {Sanders}, N.~E. and
   {Schlafly}, E. and {Smartt}, S. and {Stubbs}, C.~W. and {Tonry}, J. and
   {Wood-Vasey}, W.~M. and {Foley}, M. and {Hand}, J. and {Johnson}, E. and
   {Burgett}, W.~S. and {Chambers}, K.~C. and {Draper}, P.~W. and
   {Hodapp}, K.~W. and {Kaiser}, N. and {Kudritzki}, R.~P. and
   {Magnier}, E.~A. and {Metcalfe}, N. and {Bresolin}, F. and {Gall}, E. and
   {Kotak}, R. and {McCrum}, M. and {Smith}, K.~W.},
    title = "{The Complete Light-curve Sample of Spectroscopically Confirmed Type Ia Supernovae from Pan-STARRS1 and Cosmological Constraints from The Combined Pantheon Sample}",
  journal = {ArXiv e-prints},
archivePrefix = "arXiv",
   eprint = {1710.00845},
 keywords = {Astrophysics - Cosmology and Nongalactic Astrophysics},
     year = 2017,
    month = oct,
   adsurl = {http://adsabs.harvard.edu/abs/2017arXiv171000845S},
  adsnote = {Provided by the SAO/NASA Astrophysics Data System}
}

@ARTICLE{srivastava15a,
       author = {{Srivastava}, Rupesh Kumar and {Greff}, Klaus and
         {Schmidhuber}, J{\"u}rgen},
        title = "{Highway Networks}",
      journal = {arXiv e-prints},
     keywords = {Computer Science - Machine Learning, Computer Science - Neural and Evolutionary Computing, 68T01, I.2.6, G.1.6},
         year = "2015",
        month = "May",
          eid = {arXiv:1505.00387},
        pages = {arXiv:1505.00387},
archivePrefix = {arXiv},
       eprint = {1505.00387},
 primaryClass = {cs.LG},
       adsurl = {https://ui.adsabs.harvard.edu/abs/2015arXiv150500387S},
      adsnote = {Provided by the SAO/NASA Astrophysics Data System}
}

@ARTICLE{srivastava15b,
       author = {{Srivastava}, Rupesh Kumar and {Greff}, Klaus and
         {Schmidhuber}, J{\"u}rgen},
        title = "{Training Very Deep Networks}",
      journal = {arXiv e-prints},
     keywords = {Computer Science - Machine Learning, Computer Science - Neural and Evolutionary Computing, 68T01, I.2.6, G.1.6},
         year = "2015",
        month = "Jul",
          eid = {arXiv:1507.06228},
        pages = {arXiv:1507.06228},
archivePrefix = {arXiv},
       eprint = {1507.06228},
 primaryClass = {cs.LG},
       adsurl = {https://ui.adsabs.harvard.edu/abs/2015arXiv150706228S},
      adsnote = {Provided by the SAO/NASA Astrophysics Data System}
}

@ARTICLE{tripp98b,
   author = {{Tripp}, R.},
    title = "{A two-parameter luminosity correction for Type IA supernovae}",
  journal = {\aap},
 keywords = {SUPERNOVAE: GENERAL, COSMOLOGY: OBSERVATIONS, DISTANCE SCALE},
     year = 1998,
    month = mar,
   volume = 331,
    pages = {815-820},
   adsurl = {http://adsabs.harvard.edu/abs/1998A%26A...331..815T},
  adsnote = {Provided by the SAO/NASA Astrophysics Data System}
}

@ARTICLE{laigle2016cosmoscat,
   author = {{Laigle}, C. and {McCracken}, H.~J. and {Ilbert}, O. and {Hsieh}, B.~C. and 
	{Davidzon}, I. and {Capak}, P. and {Hasinger}, G. and {Silverman}, J.~D. and 
	{Pichon}, C. and {Coupon}, J. and {Aussel}, H. and {Le Borgne}, D. and 
	{Caputi}, K. and {Cassata}, P. and {Chang}, Y.-Y. and {Civano}, F. and 
	{Dunlop}, J. and {Fynbo}, J. and {Kartaltepe}, J.~S. and {Koekemoer}, A. and 
	{Le F{\`e}vre}, O. and {Le Floc'h}, E. and {Leauthaud}, A. and 
	{Lilly}, S. and {Lin}, L. and {Marchesi}, S. and {Milvang-Jensen}, B. and 
	{Salvato}, M. and {Sanders}, D.~B. and {Scoville}, N. and {Smolcic}, V. and 
	{Stockmann}, M. and {Taniguchi}, Y. and {Tasca}, L. and {Toft}, S. and 
	{Vaccari}, M. and {Zabl}, J.},
    title = "{The COSMOS2015 Catalog: Exploring the 1 $\lt$ z $\lt$ 6 Universe with Half a Million Galaxies}",
  journal = {\apjs},
archivePrefix = "arXiv",
   eprint = {1604.02350},
 keywords = {catalogs, galaxies: evolution, galaxies: high-redshift, galaxies: photometry, methods: observational, techniques: photometric},
     year = 2016,
    month = jun,
   volume = 224,
      eid = {24},
    pages = {24},
      doi = {10.3847/0067-0049/224/2/24},
   adsurl = {http://adsabs.harvard.edu/abs/2016ApJS..224...24L},
  adsnote = {Provided by the SAO/NASA Astrophysics Data System}
}


@ARTICLE{moriya2018slsn,
   author = {{Moriya}, T.~J. and {Tanaka}, M. and {Yasuda}, N. and {Jiang}, J.-a. and 
	{Lee}, C.-H. and {Maeda}, K. and {Morokuma}, T. and {Nomoto}, K. and 
	{Quimby}, R.~M. and {Suzuki}, N. and {Takahashi}, I. and {Tanaka}, M. and 
	{Tominaga}, N. and {Yamaguchi}, M. and {Bernard}, S.~R. and 
	{Cooke}, J. and {Curtin}, C. and {Galbany}, L. and {Gonzalez-Gaitan}, S. and 
	{Pignata}, G. and {Pritchard}, T. and {Komiyama}, Y. and {Lupton}, R.~H.
	},
    title = "{First release of high-redshift superluminous supernovae from the Subaru HIgh-Z sUpernova CAmpaign (SHIZUCA). I. Photometric properties}",
  journal = {ArXiv e-prints},
archivePrefix = "arXiv",
   eprint = {1801.08240},
 primaryClass = "astro-ph.HE",
 keywords = {Astrophysics - High Energy Astrophysical Phenomena, Astrophysics - Cosmology and Nongalactic Astrophysics},
     year = 2018,
    month = jan,
   adsurl = {http://adsabs.harvard.edu/abs/2018arXiv180108240M},
  adsnote = {Provided by the SAO/NASA Astrophysics Data System}
}


@ARTICLE{curtin2018slsn,
   author = {{Curtin}, C. and {Cooke}, J. and {Moriya}, T.~J. and {Bernard}, S.~R. and 
	{Galbany}, L. and {Jiang}, J.-a. and {Lee}, C.-H. and {Maeda}, K. and 
	{Morokuma}, T. and {Nomoto}, K. and {Pignata}, G. and {Pritchard}, T. and 
	{Quimby}, R.~M. and {Suzuki}, N. and {Takahashi}, I. and {Tanaka}, M. and 
	{Tanaka}, M. and {Tominaga}, N. and {Yamaguchi}, M. and {Yasuda}, N.
	},
    title = "{First release of high-redshift superluminous supernovae from the Subaru HIgh-Z sUpernova CAmpaign (SHIZUCA). II. Spectroscopic properties}",
  journal = {ArXiv e-prints},
archivePrefix = "arXiv",
   eprint = {1801.08241},
 primaryClass = "astro-ph.HE",
 keywords = {Astrophysics - High Energy Astrophysical Phenomena, Astrophysics - Cosmology and Nongalactic Astrophysics, Astrophysics - Astrophysics of Galaxies},
     year = 2018,
    month = jan,
   adsurl = {http://adsabs.harvard.edu/abs/2018arXiv180108241C},
  adsnote = {Provided by the SAO/NASA Astrophysics Data System}
}

%#Ke
@ARTICLE{kessler19a,
   author = {{Kessler}, R. and {Narayan}, G. and {Avelino}, A. and {Bachelet}, E. and 
	{Biswas}, R. and {Brown}, P.~J. and {Chernoff}, D.~F. and {Connolly}, A.~J. and 
	{Dai}, M. and {Daniel}, S. and {Di Stefano}, R. and {Drout}, M.~R. and 
	{Galbany}, L. and {Gonz{\'a}lez-Gait{\'a}n}, S. and {Graham}, M.~L. and 
	{Hlo{\v z}ek}, R. and {Ishida}, E.~E.~O. and {Guillochon}, J. and 
	{Jha}, S.~W. and {Jones}, D.~O. and {Mandel}, K.~S. and {Muthukrishna}, D. and 
	{O'Grady}, A. and {Peters}, C.~M. and {Pierel}, J.~R. and {Ponder}, K.~A. and 
	{Pr{\v s}a}, A. and {Rodney}, S. and {Villar}, V.~A.},
    title = "{Models and Simulations for the Photometric LSST Astronomical Time Series Classification Challenge (PLAsTiCC)}",
  journal = {arXiv e-prints},
archivePrefix = "arXiv",
   eprint = {1903.11756},
 primaryClass = "astro-ph.HE",
 keywords = {Astrophysics - High Energy Astrophysical Phenomena},
     year = 2019,
    month = mar,
   adsurl = {http://adsabs.harvard.edu/abs/2019arXiv190311756K},
  adsnote = {Provided by the SAO/NASA Astrophysics Data System}
}

%#Jo
@ARTICLE{jonesl8a,
   author = {{Jones}, D.~O. and {Scolnic}, D.~M. and {Riess}, A.~G. and {Rest}, A. and 
   {Kirshner}, R.~P. and {Berger}, E. and {Kessler}, R. and {Pan}, Y.-C. and 
   {Foley}, R.~J. and {Chornock}, R. and {Ortega}, C.~A. and {Challis}, P.~J. and 
   {Burgett}, W.~S. and {Chambers}, K.~C. and {Draper}, P.~W. and 
   {Flewelling}, H. and {Huber}, M.~E. and {Kaiser}, N. and {Kudritzki}, R.-P. and 
   {Metcalfe}, N. and {Tonry}, J. and {Wainscoat}, R.~J. and {Waters}, C. and 
   {Gall}, E.~E.~E. and {Kotak}, R. and {McCrum}, M. and {Smartt}, S.~J. and 
   {Smith}, K.~W.},
    title = "{Measuring Dark Energy Properties with Photometrically Classified Pan-STARRS Supernovae. II. Cosmological Parameters}",
  journal = {\apj},
archivePrefix = "arXiv",
   eprint = {1710.00846},
 keywords = {cosmology: observations, dark energy, supernovae: general},
     year = 2018,
    month = apr,
   volume = 857,
      eid = {51},
    pages = {51},
      doi = {10.3847/1538-4357/aab6b1},
   adsurl = {http://adsabs.harvard.edu/abs/2018ApJ...857...51J},
  adsnote = {Provided by the SAO/NASA Astrophysics Data System}
}

%#La
@ARTICLE{law09a,
   author = {{Law}, N.~M. and {Kulkarni}, S.~R. and {Dekany}, R.~G. and {Ofek}, E.~O. and 
   {Quimby}, R.~M. and {Nugent}, P.~E. and {Surace}, J. and {Grillmair}, C.~C. and 
   {Bloom}, J.~S. and {Kasliwal}, M.~M. and {Bildsten}, L. and 
   {Brown}, T. and {Cenko}, S.~B. and {Ciardi}, D. and {Croner}, E. and 
   {Djorgovski}, S.~G. and {van Eyken}, J. and {Filippenko}, A.~V. and 
   {Fox}, D.~B. and {Gal-Yam}, A. and {Hale}, D. and {Hamam}, N. and 
   {Helou}, G. and {Henning}, J. and {Howell}, D.~A. and {Jacobsen}, J. and 
   {Laher}, R. and {Mattingly}, S. and {McKenna}, D. and {Pickles}, A. and 
   {Poznanski}, D. and {Rahmer}, G. and {Rau}, A. and {Rosing}, W. and 
   {Shara}, M. and {Smith}, R. and {Starr}, D. and {Sullivan}, M. and 
   {Velur}, V. and {Walters}, R. and {Zolkower}, J.},
    title = "{The Palomar Transient Factory: System Overview, Performance, and First Results}",
  journal = {\pasp},
archivePrefix = "arXiv",
   eprint = {0906.5350},
 primaryClass = "astro-ph.IM",
     year = 2009,
    month = dec,
   volume = 121,
    pages = {1395},
      doi = {10.1086/648598},
   adsurl = {http://adsabs.harvard.edu/abs/2009PASP..121.1395L},
  adsnote = {Provided by the SAO/NASA Astrophysics Data System}
}

%#Mu
@ARTICLE{muthukrishna19b,
   author = {{Muthukrishna}, D. and {Narayan}, G. and {Mandel}, K.~S. and 
	{Biswas}, R. and {Hlo{\v z}ek}, R.},
    title = "{RAPID: Early Classification of Explosive Transients using Deep Learning}",
  journal = {arXiv e-prints},
archivePrefix = "arXiv",
   eprint = {1904.00014},
 primaryClass = "astro-ph.IM",
 keywords = {Astrophysics - Instrumentation and Methods for Astrophysics, Astrophysics - High Energy Astrophysical Phenomena, Computer Science - Machine Learning, Statistics - Machine Learning},
     year = 2019,
    month = mar,
   adsurl = {http://adsabs.harvard.edu/abs/2019arXiv190400014M},
  adsnote = {Provided by the SAO/NASA Astrophysics Data System}
}

@ARTICLE{muthukrishna19a,
   author = {{Muthukrishna}, D. and {Parkinson}, D. and {Tucker}, B.},
    title = "{DASH: Deep Learning for the Automated Spectral Classification of Supernovae and their Hosts}",
  journal = {arXiv e-prints},
archivePrefix = "arXiv",
   eprint = {1903.02557},
 primaryClass = "astro-ph.IM",
 keywords = {Astrophysics - Instrumentation and Methods for Astrophysics, Astrophysics - Cosmology and Nongalactic Astrophysics},
     year = 2019,
    month = mar,
   adsurl = {http://adsabs.harvard.edu/abs/2019arXiv190302557M},
  adsnote = {Provided by the SAO/NASA Astrophysics Data System}
}

%#Pe
@ARTICLE{perlmutter99a,
    author = {{Perlmutter}, S. and {Aldering}, G. and {Goldhaber}, G. and
   {Knop}, R.~A. and {Nugent}, P. and {Castro}, P.~G. and {Deustua}, S. and
   {Fabbro}, S. and {Goobar}, A. and {Groom}, D.~E. and {Hook}, I.~M. and
   {Kim}, A.~G. and {Kim}, M.~Y. and {Lee}, J.~C. and {Nunes}, N.~J. and
   {Pain}, R. and {Pennypacker}, C.~R. and {Quimby}, R. and {Lidman}, C. and
   {Ellis}, R.~S. and {Irwin}, M. and {McMahon}, R.~G. and {Ruiz-Lapuente}, P. and
   {Walton}, N. and {Schaefer}, B. and {Boyle}, B.~J. and {Filippenko}, A.~V. and
   {Matheson}, T. and {Fruchter}, A.~S. and {Panagia}, N. and {Newberg}, H.~J.~M. and
   {Couch}, W.~J. and {The Supernova Cosmology Project}},
    title = "{Measurements of Omega and Lambda from 42 High-Redshift Supernovae}",
    journal = {\apj},
    year = 1999,
    month = jun,
 citation = {1229 (11/13/2004)},
    volume = 517,
    pages = {565}
}

%#S
@ARTICLE{suzuki12a,
   author = {{Suzuki}, N. and {Rubin}, D. and {Lidman}, C. and {Aldering}, G. and 
	{Amanullah}, R. and {Barbary}, K. and {Barrientos}, L.~F. and 
	{Botyanszki}, J. and {Brodwin}, M. and {Connolly}, N. and {Dawson}, K.~S. and 
	{Dey}, A. and {Doi}, M. and {Donahue}, M. and {Deustua}, S. and 
	{Eisenhardt}, P. and {Ellingson}, E. and {Faccioli}, L. and 
	{Fadeyev}, V. and {Fakhouri}, H.~K. and {Fruchter}, A.~S. and 
	{Gilbank}, D.~G. and {Gladders}, M.~D. and {Goldhaber}, G. and 
	{Gonzalez}, A.~H. and {Goobar}, A. and {Gude}, A. and {Hattori}, T. and 
	{Hoekstra}, H. and {Hsiao}, E. and {Huang}, X. and {Ihara}, Y. and 
	{Jee}, M.~J. and {Johnston}, D. and {Kashikawa}, N. and {Koester}, B. and 
	{Konishi}, K. and {Kowalski}, M. and {Linder}, E.~V. and {Lubin}, L. and 
	{Melbourne}, J. and {Meyers}, J. and {Morokuma}, T. and {Munshi}, F. and 
	{Mullis}, C. and {Oda}, T. and {Panagia}, N. and {Perlmutter}, S. and 
	{Postman}, M. and {Pritchard}, T. and {Rhodes}, J. and {Ripoche}, P. and 
	{Rosati}, P. and {Schlegel}, D.~J. and {Spadafora}, A. and {Stanford}, S.~A. and 
	{Stanishev}, V. and {Stern}, D. and {Strovink}, M. and {Takanashi}, N. and 
	{Tokita}, K. and {Wagner}, M. and {Wang}, L. and {Yasuda}, N. and 
	{Yee}, H.~K.~C. and {Supernova Cosmology Project}, T.},
    title = "{The Hubble Space Telescope Cluster Supernova Survey. V. Improving the Dark-energy Constraints above z $\gt$ 1 and Building an Early-type-hosted Supernova Sample}",
  journal = {\apj},
archivePrefix = "arXiv",
   eprint = {1105.3470},
 primaryClass = "astro-ph.CO",
 keywords = {cosmological parameters, distance scale, supernovae: general},
     year = 2012,
    month = feb,
   volume = 746,
      eid = {85},
    pages = {85},
      doi = {10.1088/0004-637X/746/1/85},
   adsurl = {http://adsabs.harvard.edu/abs/2012ApJ...746...85S},
  adsnote = {Provided by the SAO/NASA Astrophysics Data System}
}

%#Ra
@ARTICLE{rau09a,
   author = {{Rau}, A. and {Kulkarni}, S.~R. and {Law}, N.~M. and {Bloom}, J.~S. and 
   {Ciardi}, D. and {Djorgovski}, G.~S. and {Fox}, D.~B. and {Gal-Yam}, A. and 
   {Grillmair}, C.~C. and {Kasliwal}, M.~M. and {Nugent}, P.~E. and 
   {Ofek}, E.~O. and {Quimby}, R.~M. and {Reach}, W.~T. and {Shara}, M. and 
   {Bildsten}, L. and {Cenko}, S.~B. and {Drake}, A.~J. and {Filippenko}, A.~V. and 
   {Helfand}, D.~J. and {Helou}, G. and {Howell}, D.~A. and {Poznanski}, D. and 
   {Sullivan}, M.},
    title = "{Exploring the Optical Transient Sky with the Palomar Transient Factory}",
  journal = {\pasp},
archivePrefix = "arXiv",
   eprint = {0906.5355},
 primaryClass = "astro-ph.CO",
     year = 2009,
    month = dec,
   volume = 121,
    pages = {1334},
      doi = {10.1086/605911},
   adsurl = {http://adsabs.harvard.edu/abs/2009PASP..121.1334R},
  adsnote = {Provided by the SAO/NASA Astrophysics Data System}
}

@ARTICLE{riess98a,
    author = {{Riess}, A.~G. and {Filippenko}, A.~V. and {Challis}, P. and
   {Clocchiatti}, A. and {Diercks}, A. and {Garnavich}, P.~M. and
   {Gilliland}, R.~L. and {Hogan}, C.~J. and {Jha}, S. and {Kirshner}, R.~P. and
   {Leibundgut}, B. and {Phillips}, M.~M. and {Reiss}, D. and {Schmidt}, B.~P. and
   {Schommer}, R.~A. and {Smith}, R.~C. and {Spyromilio}, J. and
   {Stubbs}, C. and {Suntzeff}, N.~B. and {Tonry}, J.},
    title = "{Observational Evidence from Supernovae for an Accelerating Universe and a Cosmological Constant}",
    journal = {\aj},
    year = 1998,
    month = sep,
 citation = {1246 (11/13/2004)},
    volume = 116,
    pages = {1009-1038},
    adsurl = {http://adsabs.harvard.edu/cgi-bin/nph-bib_query?bibcode=1998AJ....116.1009R&amp;db_key=AST},
    adsnote = {Provided by the NASA Astrophysics Data System}
}

@ARTICLE{riess18a,
   author = {{Riess}, A.~G. and {Rodney}, S.~A. and {Scolnic}, D.~M. and 
	{Shafer}, D.~L. and {Strolger}, L.-G. and {Ferguson}, H.~C. and 
	{Postman}, M. and {Graur}, O. and {Maoz}, D. and {Jha}, S.~W. and 
	{Mobasher}, B. and {Casertano}, S. and {Hayden}, B. and {Molino}, A. and 
	{Hjorth}, J. and {Garnavich}, P.~M. and {Jones}, D.~O. and {Kirshner}, R.~P. and 
	{Koekemoer}, A.~M. and {Grogin}, N.~A. and {Brammer}, G. and 
	{Hemmati}, S. and {Dickinson}, M. and {Challis}, P.~M. and {Wolff}, S. and 
	{Clubb}, K.~I. and {Filippenko}, A.~V. and {Nayyeri}, H. and 
	{U}, V. and {Koo}, D.~C. and {Faber}, S.~M. and {Kocevski}, D. and 
	{Bradley}, L. and {Coe}, D.},
    title = "{Type Ia Supernova Distances at Redshift $\gt$1.5 from the Hubble Space Telescope Multi-cycle Treasury Programs: The Early Expansion Rate}",
  journal = {\apj},
archivePrefix = "arXiv",
   eprint = {1710.00844},
 keywords = {cosmology: observations, methods: observational, supernovae: general },
     year = 2018,
    month = feb,
   volume = 853,
      eid = {126},
    pages = {126},
      doi = {10.3847/1538-4357/aaa5a9},
   adsurl = {http://adsabs.harvard.edu/abs/2018ApJ...853..126R},
  adsnote = {Provided by the SAO/NASA Astrophysics Data System}
}

%#Sa
@ARTICLE{sako18a,
   author = {{Sako}, M. and {Bassett}, B. and {Becker}, A.~C. and {Brown}, P.~J. and 
	{Campbell}, H. and {Wolf}, R. and {Cinabro}, D. and {D'Andrea}, C.~B. and 
	{Dawson}, K.~S. and {DeJongh}, F. and {Depoy}, D.~L. and {Dilday}, B. and 
	{Doi}, M. and {Filippenko}, A.~V. and {Fischer}, J.~A. and {Foley}, R.~J. and 
	{Frieman}, J.~A. and {Galbany}, L. and {Garnavich}, P.~M. and 
	{Goobar}, A. and {Gupta}, R.~R. and {Hill}, G.~J. and {Hayden}, B.~T. and 
	{Hlozek}, R. and {Holtzman}, J.~A. and {Hopp}, U. and {Jha}, S.~W. and 
	{Kessler}, R. and {Kollatschny}, W. and {Leloudas}, G. and {Marriner}, J. and 
	{Marshall}, J.~L. and {Miquel}, R. and {Morokuma}, T. and {Mosher}, J. and 
	{Nichol}, R.~C. and {Nordin}, J. and {Olmstead}, M.~D. and {{\"O}stman}, L. and 
	{Prieto}, J.~L. and {Richmond}, M. and {Romani}, R.~W. and {Sollerman}, J. and 
	{Stritzinger}, M. and {Schneider}, D.~P. and {Smith}, M. and 
	{Wheeler}, J.~C. and {Yasuda}, N. and {Zheng}, C.},
    title = "{The Data Release of the Sloan Digital Sky Survey-II Supernova Survey}",
  journal = {\pasp},
archivePrefix = "arXiv",
   eprint = {1401.3317},
     year = 2018,
    month = jun,
   volume = 130,
   number = 6,
    pages = {064002},
      doi = {10.1088/1538-3873/aab4e0},
   adsurl = {http://adsabs.harvard.edu/abs/2018PASP..130f4002S},
  adsnote = {Provided by the SAO/NASA Astrophysics Data System}
}

@ARTICLE{sako11a,
   author = {{Sako}, M. and {Bassett}, B. and {Connolly}, B. and {Dilday}, B. and
   {Cambell}, H. and {Frieman}, J.~A. and {Gladney}, L. and {Kessler}, R. and
   {Lampeitl}, H. and {Marriner}, J. and {Miquel}, R. and {Nichol}, R.~C. and
   {Schneider}, D.~P. and {Smith}, M. and {Sollerman}, J.},
    title = "{Photometric Type Ia Supernova Candidates from the Three-year SDSS-II SN Survey Data}",
  journal = {\apj},
archivePrefix = "arXiv",
   eprint = {1107.5106},
 keywords = {cosmology: observations, supernovae: general, surveys},
     year = 2011,
    month = sep,
   volume = 738,
      eid = {162},
    pages = {162},
      doi = {10.1088/0004-637X/738/2/162},
   adsurl = {http://adsabs.harvard.edu/abs/2011ApJ...738..162S},
  adsnote = {Provided by the SAO/NASA Astrophysics Data System}
}



%%% SSP %%%


@ARTICLE{aihara18ssp,
   author = {{Aihara}, H. and {Arimoto}, N. and {Armstrong}, R. and {Arnouts}, S. and 
	{Bahcall}, N.~A. and {Bickerton}, S. and {Bosch}, J. and {Bundy}, K. and 
	{Capak}, P.~L. and {Chan}, J.~H.~H. and {Chiba}, M. and {Coupon}, J. and 
	{Egami}, E. and {Enoki}, M. and {Finet}, F. and {Fujimori}, H. and 
	{Fujimoto}, S. and {Furusawa}, H. and {Furusawa}, J. and {Goto}, T. and 
	{Goulding}, A. and {Greco}, J.~P. and {Greene}, J.~E. and {Gunn}, J.~E. and 
	{Hamana}, T. and {Harikane}, Y. and {Hashimoto}, Y. and {Hattori}, T. and 
	{Hayashi}, M. and {Hayashi}, Y. and {He{\l}miniak}, K.~G. and 
	{Higuchi}, R. and {Hikage}, C. and {Ho}, P.~T.~P. and {Hsieh}, B.-C. and 
	{Huang}, K. and {Huang}, S. and {Ikeda}, H. and {Imanishi}, M. and 
	{Inoue}, A.~K. and {Iwasawa}, K. and {Iwata}, I. and {Jaelani}, A.~T. and 
	{Jian}, H.-Y. and {Kamata}, Y. and {Karoji}, H. and {Kashikawa}, N. and 
	{Katayama}, N. and {Kawanomoto}, S. and {Kayo}, I. and {Koda}, J. and 
	{Koike}, M. and {Kojima}, T. and {Komiyama}, Y. and {Konno}, A. and 
	{Koshida}, S. and {Koyama}, Y. and {Kusakabe}, H. and {Leauthaud}, A. and 
	{Lee}, C.-H. and {Lin}, L. and {Lin}, Y.-T. and {Lupton}, R.~H. and 
	{Mandelbaum}, R. and {Matsuoka}, Y. and {Medezinski}, E. and 
	{Mineo}, S. and {Miyama}, S. and {Miyatake}, H. and {Miyazaki}, S. and 
	{Momose}, R. and {More}, A. and {More}, S. and {Moritani}, Y. and 
	{Moriya}, T.~J. and {Morokuma}, T. and {Mukae}, S. and {Murata}, R. and 
	{Murayama}, H. and {Nagao}, T. and {Nakata}, F. and {Niida}, M. and 
	{Niikura}, H. and {Nishizawa}, A.~J. and {Obuchi}, Y. and {Oguri}, M. and 
	{Oishi}, Y. and {Okabe}, N. and {Okamoto}, S. and {Okura}, Y. and 
	{Ono}, Y. and {Onodera}, M. and {Onoue}, M. and {Osato}, K. and 
	{Ouchi}, M. and {Price}, P.~A. and {Pyo}, T.-S. and {Sako}, M. and 
	{Sawicki}, M. and {Shibuya}, T. and {Shimasaku}, K. and {Shimono}, A. and 
	{Shirasaki}, M. and {Silverman}, J.~D. and {Simet}, M. and {Speagle}, J. and 
	{Spergel}, D.~N. and {Strauss}, M.~A. and {Sugahara}, Y. and 
	{Sugiyama}, N. and {Suto}, Y. and {Suyu}, S.~H. and {Suzuki}, N. and 
	{Tait}, P.~J. and {Takada}, M. and {Takata}, T. and {Tamura}, N. and 
	{Tanaka}, M.~M. and {Tanaka}, M. and {Tanaka}, M. and {Tanaka}, Y. and 
	{Terai}, T. and {Terashima}, Y. and {Toba}, Y. and {Tominaga}, N. and 
	{Toshikawa}, J. and {Turner}, E.~L. and {Uchida}, T. and {Uchiyama}, H. and 
	{Umetsu}, K. and {Uraguchi}, F. and {Urata}, Y. and {Usuda}, T. and 
	{Utsumi}, Y. and {Wang}, S.-Y. and {Wang}, W.-H. and {Wong}, K.~C. and 
	{Yabe}, K. and {Yamada}, Y. and {Yamanoi}, H. and {Yasuda}, N. and 
	{Yeh}, S. and {Yonehara}, A. and {Yuma}, S.},
    title = "{The Hyper Suprime-Cam SSP Survey: Overview and survey design}",
  journal = {\pasj},
archivePrefix = "arXiv",
   eprint = {1704.05858},
 primaryClass = "astro-ph.IM",
 keywords = {cosmology: observations, galaxies: general, large-scale structure of universe, surveys},
     year = 2018,
    month = jan,
   volume = 70,
      eid = {S4},
    pages = {S4},
      doi = {10.1093/pasj/psx066},
   adsurl = {http://adsabs.harvard.edu/abs/2018PASJ...70S...4A},
  adsnote = {Provided by the SAO/NASA Astrophysics Data System}
}



@ARTICLE{aihara18dr,
   author = {{Aihara}, H. and {Armstrong}, R. and {Bickerton}, S. and {Bosch}, J. and 
	{Coupon}, J. and {Furusawa}, H. and {Hayashi}, Y. and {Ikeda}, H. and 
	{Kamata}, Y. and {Karoji}, H. and {Kawanomoto}, S. and {Koike}, M. and 
	{Komiyama}, Y. and {Lang}, D. and {Lupton}, R.~H. and {Mineo}, S. and 
	{Miyatake}, H. and {Miyazaki}, S. and {Morokuma}, T. and {Obuchi}, Y. and 
	{Oishi}, Y. and {Okura}, Y. and {Price}, P.~A. and {Takata}, T. and 
	{Tanaka}, M.~M. and {Tanaka}, M. and {Tanaka}, Y. and {Uchida}, T. and 
	{Uraguchi}, F. and {Utsumi}, Y. and {Wang}, S.-Y. and {Yamada}, Y. and 
	{Yamanoi}, H. and {Yasuda}, N. and {Arimoto}, N. and {Chiba}, M. and 
	{Finet}, F. and {Fujimori}, H. and {Fujimoto}, S. and {Furusawa}, J. and 
	{Goto}, T. and {Goulding}, A. and {Gunn}, J.~E. and {Harikane}, Y. and 
	{Hattori}, T. and {Hayashi}, M. and {He{\l}miniak}, K.~G. and 
	{Higuchi}, R. and {Hikage}, C. and {Ho}, P.~T.~P. and {Hsieh}, B.-C. and 
	{Huang}, K. and {Huang}, S. and {Imanishi}, M. and {Iwata}, I. and 
	{Jaelani}, A.~T. and {Jian}, H.-Y. and {Kashikawa}, N. and {Katayama}, N. and 
	{Kojima}, T. and {Konno}, A. and {Koshida}, S. and {Kusakabe}, H. and 
	{Leauthaud}, A. and {Lee}, C.-H. and {Lin}, L. and {Lin}, Y.-T. and 
	{Mandelbaum}, R. and {Matsuoka}, Y. and {Medezinski}, E. and 
	{Miyama}, S. and {Momose}, R. and {More}, A. and {More}, S. and 
	{Mukae}, S. and {Murata}, R. and {Murayama}, H. and {Nagao}, T. and 
	{Nakata}, F. and {Niida}, M. and {Niikura}, H. and {Nishizawa}, A.~J. and 
	{Oguri}, M. and {Okabe}, N. and {Ono}, Y. and {Onodera}, M. and 
	{Onoue}, M. and {Ouchi}, M. and {Pyo}, T.-S. and {Shibuya}, T. and 
	{Shimasaku}, K. and {Simet}, M. and {Speagle}, J. and {Spergel}, D.~N. and 
	{Strauss}, M.~A. and {Sugahara}, Y. and {Sugiyama}, N. and {Suto}, Y. and 
	{Suzuki}, N. and {Tait}, P.~J. and {Takada}, M. and {Terai}, T. and 
	{Toba}, Y. and {Turner}, E.~L. and {Uchiyama}, H. and {Umetsu}, K. and 
	{Urata}, Y. and {Usuda}, T. and {Yeh}, S. and {Yuma}, S.},
    title = "{First data release of the Hyper Suprime-Cam Subaru Strategic Program}",
  journal = {\pasj},
archivePrefix = "arXiv",
   eprint = {1702.08449},
 primaryClass = "astro-ph.IM",
 keywords = {astronomical databases, cosmology: observations, galaxies: general, surveys},
     year = 2018,
    month = jan,
   volume = 70,
      eid = {S8},
    pages = {S8},
      doi = {10.1093/pasj/psx081},
   adsurl = {http://adsabs.harvard.edu/abs/2018PASJ...70S...8A},
  adsnote = {Provided by the SAO/NASA Astrophysics Data System}
}


@ARTICLE{alard98,
   author = {{Alard}, C. and {Lupton}, R.~H.},
    title = "{A Method for Optimal Image Subtraction}",
  journal = {\apj},
   eprint = {astro-ph/9712287},
 keywords = {METHODS: DATA ANALYSIS, METHODS: STATISTICAL, TECHNIQUES: IMAGE PROCESSING, Methods: Data Analysis, Methods: Statistical, Techniques: Image Processing},
     year = 1998,
    month = aug,
   volume = 503,
    pages = {325-331},
      doi = {10.1086/305984},
   adsurl = {http://adsabs.harvard.edu/abs/1998ApJ...503..325A},
  adsnote = {Provided by the SAO/NASA Astrophysics Data System}
}


@ARTICLE{alard00,
   author = {{Alard}, C.},
    title = "{Image subtraction using a space-varying kernel}",
  journal = {\aaps},
 keywords = {METHODS: NUMERICAL, METHODS: STATISTICAL, STARS: VARIABLES: GENERAL, COSMOLOGY: GRAVITATIONAL LENSING},
     year = 2000,
    month = jun,
   volume = 144,
    pages = {363-370},
      doi = {10.1051/aas:2000214},
   adsurl = {http://adsabs.harvard.edu/abs/2000A%26AS..144..363A},
  adsnote = {Provided by the SAO/NASA Astrophysics Data System}
}


@ARTICLE{morii16,
   author = {{Morii}, M. and {Ikeda}, S. and {Tominaga}, N. and {Tanaka}, M. and 
	{Morokuma}, T. and {Ishiguro}, K. and {Yamato}, J. and {Ueda}, N. and 
	{Suzuki}, N. and {Yasuda}, N. and {Yoshida}, N.},
    title = "{Machine-learning selection of optical transients in the Subaru/Hyper Suprime-Cam survey}",
  journal = {\pasj},
archivePrefix = "arXiv",
   eprint = {1609.03249},
 primaryClass = "astro-ph.IM",
 keywords = {methods: data analysis, stars: supernovae: general, techniques: miscellaneous},
     year = 2016,
    month = dec,
   volume = 68,
      eid = {104},
    pages = {104},
      doi = {10.1093/pasj/psw096},
   adsurl = {http://adsabs.harvard.edu/abs/2016PASJ...68..104M},
  adsnote = {Provided by the SAO/NASA Astrophysics Data System}
}


@ARTICLE{tanaka18photz,
   author = {{Tanaka}, M. and {Coupon}, J. and {Hsieh}, B.-C. and {Mineo}, S. and 
	{Nishizawa}, A.~J. and {Speagle}, J. and {Furusawa}, H. and 
	{Miyazaki}, S. and {Murayama}, H.},
    title = "{Photometric redshifts for Hyper Suprime-Cam Subaru Strategic Program Data Release 1}",
  journal = {\pasj},
archivePrefix = "arXiv",
   eprint = {1704.05988},
 keywords = {cosmology: observations, galaxies: distances and redshifts, galaxies: general, surveys},
     year = 2018,
    month = jan,
   volume = 70,
      eid = {S9},
    pages = {S9},
      doi = {10.1093/pasj/psx077},
   adsurl = {http://adsabs.harvard.edu/abs/2018PASJ...70S...9T},
  adsnote = {Provided by the SAO/NASA Astrophysics Data System}
}

@ARTICLE{dejaeger2017,
   author = {{de Jaeger}, T. and {Galbany}, L. and {Filippenko}, A.~V. and 
	{Gonz{\'a}lez-Gait{\'a}n}, S. and {Yasuda}, N. and {Maeda}, K. and 
	{Tanaka}, M. and {Morokuma}, T. and {Moriya}, T.~J. and {Tominaga}, N. and 
	{Nomoto}, K. and {Komiyama}, Y. and {Anderson}, J.~P. and {Brink}, T.~G. and 
	{Carlberg}, R.~G. and {Folatelli}, G. and {Hamuy}, M. and {Pignata}, G. and 
	{Zheng}, W.},
    title = "{SN 2016jhj at redshift 0.34: extending the Type II supernova Hubble diagram using the standard candle method}",
  journal = {\mnras},
archivePrefix = "arXiv",
   eprint = {1709.01513},
 primaryClass = "astro-ph.HE",
 keywords = {supernovae: general, galaxies: distances and redshifts, distance scale},
     year = 2017,
    month = dec,
   volume = 472,
    pages = {4233-4243},
      doi = {10.1093/mnras/stx2300},
   adsurl = {http://adsabs.harvard.edu/abs/2017MNRAS.472.4233D},
  adsnote = {Provided by the SAO/NASA Astrophysics Data System}
}

@ARTICLE{guy2007,
   author = {{Guy}, J. and {Astier}, P. and {Baumont}, S. and {Hardin}, D. and 
	{Pain}, R. and {Regnault}, N. and {Basa}, S. and {Carlberg}, R.~G. and 
	{Conley}, A. and {Fabbro}, S. and {Fouchez}, D. and {Hook}, I.~M. and 
	{Howell}, D.~A. and {Perrett}, K. and {Pritchet}, C.~J. and 
	{Rich}, J. and {Sullivan}, M. and {Antilogus}, P. and {Aubourg}, E. and 
	{Bazin}, G. and {Bronder}, J. and {Filiol}, M. and {Palanque-Delabrouille}, N. and 
	{Ripoche}, P. and {Ruhlmann-Kleider}, V.},
    title = "{SALT2: using distant supernovae to improve the use of type Ia supernovae as distance indicators}",
  journal = {\aap},
   eprint = {astro-ph/0701828},
 keywords = {supernovae: general, cosmology: observations},
     year = 2007,
    month = apr,
   volume = 466,
    pages = {11-21},
      doi = {10.1051/0004-6361:20066930},
   adsurl = {http://adsabs.harvard.edu/abs/2007A%26A...466...11G},
  adsnote = {Provided by the SAO/NASA Astrophysics Data System}
}

@ARTICLE{scolnickessler2016,
   author = {{Scolnic}, D. and {Kessler}, R.},
    title = "{Measuring Type Ia Supernova Populations of Stretch and Color and Predicting Distance Biases}",
  journal = {\apjl},
archivePrefix = "arXiv",
   eprint = {1603.01559},
 keywords = {dark energy, supernovae: general},
     year = 2016,
    month = may,
   volume = 822,
      eid = {L35},
    pages = {L35},
      doi = {10.3847/2041-8205/822/2/L35},
   adsurl = {http://adsabs.harvard.edu/abs/2016ApJ...822L..35S},
  adsnote = {Provided by the SAO/NASA Astrophysics Data System}
}

@ARTICLE{scoville2007cosmos,
   author = {{Scoville}, N. and {Aussel}, H. and {Brusa}, M. and {Capak}, P. and 
	{Carollo}, C.~M. and {Elvis}, M. and {Giavalisco}, M. and {Guzzo}, L. and 
	{Hasinger}, G. and {Impey}, C. and {Kneib}, J.-P. and {LeFevre}, O. and 
	{Lilly}, S.~J. and {Mobasher}, B. and {Renzini}, A. and {Rich}, R.~M. and 
	{Sanders}, D.~B. and {Schinnerer}, E. and {Schminovich}, D. and 
	{Shopbell}, P. and {Taniguchi}, Y. and {Tyson}, N.~D.},
    title = "{The Cosmic Evolution Survey (COSMOS): Overview}",
  journal = {\apjs},
   eprint = {astro-ph/0612305},
 keywords = {Cosmology: Observations, Cosmology: Dark Matter, Galaxies: Evolution, Galaxies: Formation, Cosmology: Large-Scale Structure of Universe, Surveys},
     year = 2007,
    month = sep,
   volume = 172,
    pages = {1-8},
      doi = {10.1086/516585},
   adsurl = {http://adsabs.harvard.edu/abs/2007ApJS..172....1S},
  adsnote = {Provided by the SAO/NASA Astrophysics Data System}
}

@ARTICLE{SFD,
   author = {{Schlegel}, D.~J. and {Finkbeiner}, D.~P. and {Davis}, M.},
    title = "{Maps of Dust Infrared Emission for Use in Estimation of Reddening and Cosmic Microwave Background Radiation Foregrounds}",
  journal = {\apj},
   eprint = {astro-ph/9710327},
 keywords = {COSMOLOGY: DIFFUSE RADIATION, COSMOLOGY: COSMIC MICROWAVE BACKGROUND, ISM: DUST, EXTINCTION, INTERPLANETARY MEDIUM, INFRARED: ISM: CONTINUUM, Cosmology: Cosmic Microwave Background, Cosmology: Diffuse Radiation, ISM: Dust, Extinction, Infrared: ISM: Continuum, Interplanetary Medium},
     year = 1998,
    month = jun,
   volume = 500,
    pages = {525-553},
      doi = {10.1086/305772},
   adsurl = {http://adsabs.harvard.edu/abs/1998ApJ...500..525S},
  adsnote = {Provided by the SAO/NASA Astrophysics Data System}
}

@ARTICLE{bosch2018pipeline,
   author = {{Bosch}, J. and {Armstrong}, R. and {Bickerton}, S. and {Furusawa}, H. and 
	{Ikeda}, H. and {Koike}, M. and {Lupton}, R. and {Mineo}, S. and 
	{Price}, P. and {Takata}, T. and {Tanaka}, M. and {Yasuda}, N. and 
	{AlSayyad}, Y. and {Becker}, A.~C. and {Coulton}, W. and {Coupon}, J. and 
	{Garmilla}, J. and {Huang}, S. and {Krughoff}, K.~S. and {Lang}, D. and 
	{Leauthaud}, A. and {Lim}, K.-T. and {Lust}, N.~B. and {MacArthur}, L.~A. and 
	{Mandelbaum}, R. and {Miyatake}, H. and {Miyazaki}, S. and {Murata}, R. and 
	{More}, S. and {Okura}, Y. and {Owen}, R. and {Swinbank}, J.~D. and 
	{Strauss}, M.~A. and {Yamada}, Y. and {Yamanoi}, H.},
    title = "{The Hyper Suprime-Cam software pipeline}",
  journal = {\pasj},
archivePrefix = "arXiv",
   eprint = {1705.06766},
 primaryClass = "astro-ph.IM",
 keywords = {methods: data analysis, surveys, techniques: image processing},
     year = 2018,
    month = jan,
   volume = 70,
      eid = {S5},
    pages = {S5},
      doi = {10.1093/pasj/psx080},
   adsurl = {http://adsabs.harvard.edu/abs/2018PASJ...70S...5B},
  adsnote = {Provided by the SAO/NASA Astrophysics Data System}
}

@ARTICLE{2011MNRAS.412.1441L,
   author = {{Li}, W. and {Leaman}, J. and {Chornock}, R. and {Filippenko}, A.~V. and 
	{Poznanski}, D. and {Ganeshalingam}, M. and {Wang}, X. and {Modjaz}, M. and 
	{Jha}, S. and {Foley}, R.~J. and {Smith}, N.},
    title = "{Nearby supernova rates from the Lick Observatory Supernova Search - II. The observed luminosity functions and fractions of supernovae in a complete sample}",
  journal = {\mnras},
archivePrefix = "arXiv",
   eprint = {1006.4612},
 primaryClass = "astro-ph.SR",
     year = 2011,
    month = apr,
   volume = 412,
    pages = {1441-1472},
      doi = {10.1111/j.1365-2966.2011.18160.x},
   adsurl = {http://ads.nao.ac.jp/abs/2011MNRAS.412.1441L},
  adsnote = {Provided by the SAO/NASA Astrophysics Data System}
}

@ARTICLE{2014ApJ...786...67A,
   author = {{Anderson}, J.~P. and {Gonz{\'a}lez-Gait{\'a}n}, S. and {Hamuy}, M. and 
	{Guti{\'e}rrez}, C.~P. and {Stritzinger}, M.~D. and {Olivares E.}, F. and 
	{Phillips}, M.~M. and {Schulze}, S. and {Antezana}, R. and {Bolt}, L. and 
	{Campillay}, A. and {Castell{\'o}n}, S. and {Contreras}, C. and 
	{de Jaeger}, T. and {Folatelli}, G. and {F{\"o}rster}, F. and 
	{Freedman}, W.~L. and {Gonz{\'a}lez}, L. and {Hsiao}, E. and 
	{Krzemi{\'n}ski}, W. and {Krisciunas}, K. and {Maza}, J. and 
	{McCarthy}, P. and {Morrell}, N.~I. and {Persson}, S.~E. and 
	{Roth}, M. and {Salgado}, F. and {Suntzeff}, N.~B. and {Thomas-Osip}, J.
	},
    title = "{Characterizing the V-band Light-curves of Hydrogen-rich Type II Supernovae}",
  journal = {\apj},
archivePrefix = "arXiv",
   eprint = {1403.7091},
 primaryClass = "astro-ph.HE",
 keywords = {supernovae: general},
     year = 2014,
    month = may,
   volume = 786,
      eid = {67},
    pages = {67},
      doi = {10.1088/0004-637X/786/1/67},
   adsurl = {http://ads.nao.ac.jp/abs/2014ApJ...786...67A},
  adsnote = {Provided by the SAO/NASA Astrophysics Data System}
}

@ARTICLE{2002ApJ...566L..63H,
   author = {{Hamuy}, M. and {Pinto}, P.~A.},
    title = "{Type II Supernovae as Standardized Candles}",
  journal = {\apjl},
   eprint = {astro-ph/0201279},
 keywords = {Cosmology: Distance Scale, Galaxies: General, Stars: Supernovae: General},
     year = 2002,
    month = feb,
   volume = 566,
    pages = {L63-L65},
      doi = {10.1086/339676},
   adsurl = {http://ads.nao.ac.jp/abs/2002ApJ...566L..63H},
  adsnote = {Provided by the SAO/NASA Astrophysics Data System}
}

@ARTICLE{2006ApJ...645..841N,
   author = {{Nugent}, P. and {Sullivan}, M. and {Ellis}, R. and {Gal-Yam}, A. and 
	{Leonard}, D.~C. and {Howell}, D.~A. and {Astier}, P. and {Carlberg}, R.~G. and 
	{Conley}, A. and {Fabbro}, S. and {Fouchez}, D. and {Neill}, J.~D. and 
	{Pain}, R. and {Perrett}, K. and {Pritchet}, C.~J. and {Regnault}, N.
	},
    title = "{Toward a Cosmological Hubble Diagram for Type II-P Supernovae}",
  journal = {\apj},
   eprint = {astro-ph/0603535},
 keywords = {Cosmology: Distance Scale, Stars: Supernovae: General},
     year = 2006,
    month = jul,
   volume = 645,
    pages = {841-850},
      doi = {10.1086/504413},
   adsurl = {http://ads.nao.ac.jp/abs/2006ApJ...645..841N},
  adsnote = {Provided by the SAO/NASA Astrophysics Data System}
}

@ARTICLE{2010ApJ...715..833O,
   author = {{Olivares E.}, F. and {Hamuy}, M. and {Pignata}, G. and {Maza}, J. and 
	{Bersten}, M. and {Phillips}, M.~M. and {Suntzeff}, N.~B. and 
	{Filippenko}, A.~V. and {Morrel}, N.~I. and {Kirshner}, R.~P. and 
	{Matheson}, T.},
    title = "{The Standardized Candle Method for Type II Plateau Supernovae}",
  journal = {\apj},
archivePrefix = "arXiv",
   eprint = {1004.2534},
 primaryClass = "astro-ph.CO",
 keywords = {distance scale, galaxies: distances and redshifts, supernovae: general},
     year = 2010,
    month = jun,
   volume = 715,
    pages = {833-853},
      doi = {10.1088/0004-637X/715/2/833},
   adsurl = {http://ads.nao.ac.jp/abs/2010ApJ...715..833O},
  adsnote = {Provided by the SAO/NASA Astrophysics Data System}
}

@ARTICLE{2017ApJ...835..166D,
   author = {{de Jaeger}, T. and {Gonz{\'a}lez-Gait{\'a}n}, S. and {Hamuy}, M. and 
	{Galbany}, L. and {Anderson}, J.~P. and {Phillips}, M.~M. and 
	{Stritzinger}, M.~D. and {Carlberg}, R.~G. and {Sullivan}, M. and 
	{Guti{\'e}rrez}, C.~P. and {Hook}, I.~M. and {Howell}, D.~A. and 
	{Hsiao}, E.~Y. and {Kuncarayakti}, H. and {Ruhlmann-Kleider}, V. and 
	{Folatelli}, G. and {Pritchet}, C. and {Basa}, S.},
    title = "{A Type II Supernova Hubble Diagram from the CSP-I, SDSS-II, and SNLS Surveys}",
  journal = {\apj},
archivePrefix = "arXiv",
   eprint = {1612.05636},
 keywords = {distance scale, galaxies: distances and redshifts, supernovae: general},
     year = 2017,
    month = feb,
   volume = 835,
      eid = {166},
    pages = {166},
      doi = {10.3847/1538-4357/835/2/166},
   adsurl = {http://ads.nao.ac.jp/abs/2017ApJ...835..166D},
  adsnote = {Provided by the SAO/NASA Astrophysics Data System}
}

@ARTICLE{2015MNRAS.451.2212G,
   author = {{Gonz{\'a}lez-Gait{\'a}n}, S. and {Tominaga}, N. and {Molina}, J. and 
	{Galbany}, L. and {Bufano}, F. and {Anderson}, J.~P. and {Gutierrez}, C. and 
	{F{\"o}rster}, F. and {Pignata}, G. and {Bersten}, M. and {Howell}, D.~A. and 
	{Sullivan}, M. and {Carlberg}, R. and {de Jaeger}, T. and {Hamuy}, M. and 
	{Baklanov}, P.~V. and {Blinnikov}, S.~I.},
    title = "{The rise-time of Type II supernovae}",
  journal = {\mnras},
archivePrefix = "arXiv",
   eprint = {1505.02988},
 primaryClass = "astro-ph.SR",
 keywords = {supergiants, supernoave: general},
     year = 2015,
    month = aug,
   volume = 451,
    pages = {2212-2229},
      doi = {10.1093/mnras/stv1097},
   adsurl = {http://ads.nao.ac.jp/abs/2015MNRAS.451.2212G},
  adsnote = {Provided by the SAO/NASA Astrophysics Data System}
}

@ARTICLE{2009ApJ...694.1067P,
   author = {{Poznanski}, D. and {Butler}, N. and {Filippenko}, A.~V. and 
	{Ganeshalingam}, M. and {Li}, W. and {Bloom}, J.~S. and {Chornock}, R. and 
	{Foley}, R.~J. and {Nugent}, P.~E. and {Silverman}, J.~M. and 
	{Cenko}, S.~B. and {Gates}, E.~L. and {Leonard}, D.~C. and {Miller}, A.~A. and 
	{Modjaz}, M. and {Serduke}, F.~J.~D. and {Smith}, N. and {Swift}, B.~J. and 
	{Wong}, D.~S.},
    title = "{Improved Standardization of Type II-P Supernovae: Application to an Expanded Sample}",
  journal = {\apj},
archivePrefix = "arXiv",
   eprint = {0810.4923},
 keywords = {cosmology: observations, distance scale, dust, extinction, supernovae: general},
     year = 2009,
    month = apr,
   volume = 694,
    pages = {1067-1079},
      doi = {10.1088/0004-637X/694/2/1067},
   adsurl = {http://ads.nao.ac.jp/abs/2009ApJ...694.1067P},
  adsnote = {Provided by the SAO/NASA Astrophysics Data System}
}

@ARTICLE{2015ApJ...815..121D,
   author = {{de Jaeger}, T. and {Gonz{\'a}lez-Gait{\'a}n}, S. and {Anderson}, J.~P. and 
	{Galbany}, L. and {Hamuy}, M. and {Phillips}, M.~M. and {Stritzinger}, M.~D. and 
	{Guti{\'e}rrez}, C.~P. and {Bolt}, L. and {Burns}, C.~R. and 
	{Campillay}, A. and {Castell{\'o}n}, S. and {Contreras}, C. and 
	{Folatelli}, G. and {Freedman}, W.~L. and {Hsiao}, E.~Y. and 
	{Krisciunas}, K. and {Krzeminski}, W. and {Kuncarayakti}, H. and 
	{Morrell}, N. and {Olivares E.}, F. and {Persson}, S.~E. and 
	{Suntzeff}, N.},
    title = "{A Hubble Diagram from Type II Supernovae Based Solely on Photometry: The Photometric Color Method}",
  journal = {\apj},
archivePrefix = "arXiv",
   eprint = {1511.05145},
 primaryClass = "astro-ph.HE",
 keywords = {distance scale, galaxies: distances and redshifts, supernovae: general},
     year = 2015,
    month = dec,
   volume = 815,
      eid = {121},
    pages = {121},
      doi = {10.1088/0004-637X/815/2/121},
   adsurl = {http://ads.nao.ac.jp/abs/2015ApJ...815..121D},
  adsnote = {Provided by the SAO/NASA Astrophysics Data System}
}

@ARTICLE{Frieman2008,
   author = {{Frieman}, J.~A. and {Bassett}, B. and {Becker}, A. and {Choi}, C. and 
	{Cinabro}, D. and {DeJongh}, F. and {Depoy}, D.~L. and {Dilday}, B. and 
	{Doi}, M. and {Garnavich}, P.~M. and {Hogan}, C.~J. and {Holtzman}, J. and 
	{Im}, M. and {Jha}, S. and {Kessler}, R. and {Konishi}, K. and 
	{Lampeitl}, H. and {Marriner}, J. and {Marshall}, J.~L. and 
	{McGinnis}, D. and {Miknaitis}, G. and {Nichol}, R.~C. and {Prieto}, J.~L. and 
	{Riess}, A.~G. and {Richmond}, M.~W. and {Romani}, R. and {Sako}, M. and 
	{Schneider}, D.~P. and {Smith}, M. and {Takanashi}, N. and {Tokita}, K. and 
	{van der Heyden}, K. and {Yasuda}, N. and {Zheng}, C. and {Adelman-McCarthy}, J. and 
	{Annis}, J. and {Assef}, R.~J. and {Barentine}, J. and {Bender}, R. and 
	{Blandford}, R.~D. and {Boroski}, W.~N. and {Bremer}, M. and 
	{Brewington}, H. and {Collins}, C.~A. and {Crotts}, A. and {Dembicky}, J. and 
	{Eastman}, J. and {Edge}, A. and {Edmondson}, E. and {Elson}, E. and 
	{Eyler}, M.~E. and {Filippenko}, A.~V. and {Foley}, R.~J. and 
	{Frank}, S. and {Goobar}, A. and {Gueth}, T. and {Gunn}, J.~E. and 
	{Harvanek}, M. and {Hopp}, U. and {Ihara}, Y. and {Ivezi{\'c}}, {\v Z}. and 
	{Kahn}, S. and {Kaplan}, J. and {Kent}, S. and {Ketzeback}, W. and 
	{Kleinman}, S.~J. and {Kollatschny}, W. and {Kron}, R.~G. and 
	{Krzesi{\'n}ski}, J. and {Lamenti}, D. and {Leloudas}, G. and 
	{Lin}, H. and {Long}, D.~C. and {Lucey}, J. and {Lupton}, R.~H. and 
	{Malanushenko}, E. and {Malanushenko}, V. and {McMillan}, R.~J. and 
	{Mendez}, J. and {Morgan}, C.~W. and {Morokuma}, T. and {Nitta}, A. and 
	{Ostman}, L. and {Pan}, K. and {Rockosi}, C.~M. and {Romer}, A.~K. and 
	{Ruiz-Lapuente}, P. and {Saurage}, G. and {Schlesinger}, K. and 
	{Snedden}, S.~A. and {Sollerman}, J. and {Stoughton}, C. and 
	{Stritzinger}, M. and {Subba Rao}, M. and {Tucker}, D. and {Vaisanen}, P. and 
	{Watson}, L.~C. and {Watters}, S. and {Wheeler}, J.~C. and {Yanny}, B. and 
	{York}, D.},
    title = "{The Sloan Digital Sky Survey-II Supernova Survey: Technical Summary}",
  journal = {\aj},
archivePrefix = "arXiv",
   eprint = {0708.2749},
 keywords = {supernovae: general, surveys},
     year = 2008,
    month = jan,
   volume = 135,
    pages = {338-347},
      doi = {10.1088/0004-6256/135/1/338},
   adsurl = {http://adsabs.harvard.edu/abs/2008AJ....135..338F},
  adsnote = {Provided by the SAO/NASA Astrophysics Data System}
}

@ARTICLE{Hamuy2006,
   author = {{Hamuy}, M. and {Folatelli}, G. and {Morrell}, N.~I. and {Phillips}, M.~M. and 
	{Suntzeff}, N.~B. and {Persson}, S.~E. and {Roth}, M. and {Gonzalez}, S. and 
	{Krzeminski}, W. and {Contreras}, C. and {Freedman}, W.~L. and 
	{Murphy}, D.~C. and {Madore}, B.~F. and {Wyatt}, P. and {Maza}, J. and 
	{Filippenko}, A.~V. and {Li}, W. and {Pinto}, P.~A.},
    title = "{The Carnegie Supernova Project: The Low-Redshift Survey}",
  journal = {\pasp},
   eprint = {astro-ph/0512039},
 keywords = {Stars: Supernovae: General, Techniques: Miscellaneous, Cosmology: Observations},
     year = 2006,
    month = jan,
   volume = 118,
    pages = {2-20},
      doi = {10.1086/500228},
   adsurl = {http://adsabs.harvard.edu/abs/2006PASP..118....2H},
  adsnote = {Provided by the SAO/NASA Astrophysics Data System}
}

@ARTICLE{Miyazaki2018,
   author = {{Miyazaki}, S. and {Komiyama}, Y. and {Kawanomoto}, S. and {Doi}, Y. and 
	{Furusawa}, H. and {Hamana}, T. and {Hayashi}, Y. and {Ikeda}, H. and 
	{Kamata}, Y. and {Karoji}, H. and {Koike}, M. and {Kurakami}, T. and 
	{Miyama}, S. and {Morokuma}, T. and {Nakata}, F. and {Namikawa}, K. and 
	{Nakaya}, H. and {Nariai}, K. and {Obuchi}, Y. and {Oishi}, Y. and 
	{Okada}, N. and {Okura}, Y. and {Tait}, P. and {Takata}, T. and 
	{Tanaka}, Y. and {Tanaka}, M. and {Terai}, T. and {Tomono}, D. and 
	{Uraguchi}, F. and {Usuda}, T. and {Utsumi}, Y. and {Yamada}, Y. and 
	{Yamanoi}, H. and {Aihara}, H. and {Fujimori}, H. and {Mineo}, S. and 
	{Miyatake}, H. and {Oguri}, M. and {Uchida}, T. and {Tanaka}, M.~M. and 
	{Yasuda}, N. and {Takada}, M. and {Murayama}, H. and {Nishizawa}, A.~J. and 
	{Sugiyama}, N. and {Chiba}, M. and {Futamase}, T. and {Wang}, S.-Y. and 
	{Chen}, H.-Y. and {Ho}, P.~T.~P. and {Liaw}, E.~J.~Y. and {Chiu}, C.-F. and 
	{Ho}, C.-L. and {Lai}, T.-C. and {Lee}, Y.-C. and {Jeng}, D.-Z. and 
	{Iwamura}, S. and {Armstrong}, R. and {Bickerton}, S. and {Bosch}, J. and 
	{Gunn}, J.~E. and {Lupton}, R.~H. and {Loomis}, C. and {Price}, P. and 
	{Smith}, S. and {Strauss}, M.~A. and {Turner}, E.~L. and {Suzuki}, H. and 
	{Miyazaki}, Y. and {Muramatsu}, M. and {Yamamoto}, K. and {Endo}, M. and 
	{Ezaki}, Y. and {Ito}, N. and {Kawaguchi}, N. and {Sofuku}, S. and 
	{Taniike}, T. and {Akutsu}, K. and {Dojo}, N. and {Kasumi}, K. and 
	{Matsuda}, T. and {Imoto}, K. and {Miwa}, Y. and {Suzuki}, M. and 
	{Takeshi}, K. and {Yokota}, H.},
    title = "{Hyper Suprime-Cam: System design and verification of image quality}",
  journal = {\pasj},
 keywords = {instrumentation: detectors, techniques: image processing, telescopes},
     year = 2018,
    month = jan,
   volume = 70,
      eid = {S1},
    pages = {S1},
      doi = {10.1093/pasj/psx063},
   adsurl = {http://adsabs.harvard.edu/abs/2018PASJ...70S...1M},
  adsnote = {Provided by the SAO/NASA Astrophysics Data System}
}

@ARTICLE{Suzuki2012,
   author = {{Suzuki}, N. and {Rubin}, D. and {Lidman}, C. and {Aldering}, G. and 
	{Amanullah}, R. and {Barbary}, K. and {Barrientos}, L.~F. and 
	{Botyanszki}, J. and {Brodwin}, M. and {Connolly}, N. and {Dawson}, K.~S. and 
	{Dey}, A. and {Doi}, M. and {Donahue}, M. and {Deustua}, S. and 
	{Eisenhardt}, P. and {Ellingson}, E. and {Faccioli}, L. and 
	{Fadeyev}, V. and {Fakhouri}, H.~K. and {Fruchter}, A.~S. and 
	{Gilbank}, D.~G. and {Gladders}, M.~D. and {Goldhaber}, G. and 
	{Gonzalez}, A.~H. and {Goobar}, A. and {Gude}, A. and {Hattori}, T. and 
	{Hoekstra}, H. and {Hsiao}, E. and {Huang}, X. and {Ihara}, Y. and 
	{Jee}, M.~J. and {Johnston}, D. and {Kashikawa}, N. and {Koester}, B. and 
	{Konishi}, K. and {Kowalski}, M. and {Linder}, E.~V. and {Lubin}, L. and 
	{Melbourne}, J. and {Meyers}, J. and {Morokuma}, T. and {Munshi}, F. and 
	{Mullis}, C. and {Oda}, T. and {Panagia}, N. and {Perlmutter}, S. and 
	{Postman}, M. and {Pritchard}, T. and {Rhodes}, J. and {Ripoche}, P. and 
	{Rosati}, P. and {Schlegel}, D.~J. and {Spadafora}, A. and {Stanford}, S.~A. and 
	{Stanishev}, V. and {Stern}, D. and {Strovink}, M. and {Takanashi}, N. and 
	{Tokita}, K. and {Wagner}, M. and {Wang}, L. and {Yasuda}, N. and 
	{Yee}, H.~K.~C. and {Supernova Cosmology Project}, T.},
    title = "{The Hubble Space Telescope Cluster Supernova Survey. V. Improving the Dark-energy Constraints above z $\gt$ 1 and Building an Early-type-hosted Supernova Sample}",
  journal = {\apj},
archivePrefix = "arXiv",
   eprint = {1105.3470},
 primaryClass = "astro-ph.CO",
 keywords = {cosmological parameters, distance scale, supernovae: general},
     year = 2012,
    month = feb,
   volume = 746,
      eid = {85},
    pages = {85},
      doi = {10.1088/0004-637X/746/1/85},
   adsurl = {http://adsabs.harvard.edu/abs/2012ApJ...746...85S},
  adsnote = {Provided by the SAO/NASA Astrophysics Data System}
}

@ARTICLE{Dawson2009,
   author = {{Dawson}, K.~S. and {Aldering}, G. and {Amanullah}, R. and {Barbary}, K. and 
	{Barrientos}, L.~F. and {Brodwin}, M. and {Connolly}, N. and 
	{Dey}, A. and {Doi}, M. and {Donahue}, M. and {Eisenhardt}, P. and 
	{Ellingson}, E. and {Faccioli}, L. and {Fadeyev}, V. and {Fakhouri}, H.~K. and 
	{Fruchter}, A.~S. and {Gilbank}, D.~G. and {Gladders}, M.~D. and 
	{Goldhaber}, G. and {Gonzalez}, A.~H. and {Goobar}, A. and {Gude}, A. and 
	{Hattori}, T. and {Hoekstra}, H. and {Huang}, X. and {Ihara}, Y. and 
	{Jannuzi}, B.~T. and {Johnston}, D. and {Kashikawa}, K. and 
	{Koester}, B. and {Konishi}, K. and {Kowalski}, M. and {Lidman}, C. and 
	{Linder}, E.~V. and {Lubin}, L. and {Meyers}, J. and {Morokuma}, T. and 
	{Munshi}, F. and {Mullis}, C. and {Oda}, T. and {Panagia}, N. and 
	{Perlmutter}, S. and {Postman}, M. and {Pritchard}, T. and {Rhodes}, J. and 
	{Rosati}, P. and {Rubin}, D. and {Schlegel}, D.~J. and {Spadafora}, A. and 
	{Stanford}, S.~A. and {Stanishev}, V. and {Stern}, D. and {Strovink}, M. and 
	{Suzuki}, N. and {Takanashi}, N. and {Tokita}, K. and {Wagner}, M. and 
	{Wang}, L. and {Yasuda}, N. and {Yee}, H.~K.~C. and {Supernova Cosmology Project}, T.
	},
    title = "{An Intensive Hubble Space Telescope Survey for z$\gt$1 Type Ia Supernovae by Targeting Galaxy Clusters}",
  journal = {\aj},
archivePrefix = "arXiv",
   eprint = {0908.3928},
 primaryClass = "astro-ph.CO",
 keywords = {cosmology: observations, supernovae: general},
     year = 2009,
    month = nov,
   volume = 138,
    pages = {1271-1283},
      doi = {10.1088/0004-6256/138/5/1271},
   adsurl = {http://adsabs.harvard.edu/abs/2009AJ....138.1271D},
  adsnote = {Provided by the SAO/NASA Astrophysics Data System}
}

@conference{Fujino2016,
   author = {{Fujino}, A. and {Ueda}, N.},
    title = "{A Semi-Supervised AUC Optimization Method with Generative Models}",
booktitle ="IEEE 16th International Conference on Data Mining (ICDM2016)",
     year = 2016,
    month = Dec
}

@ARTICLE{Ueda2018,
   author = {{Ueda}, N. and {Fujino}, A.},
    title = "{Partial AUC Maximization via Nonlinear Scoring Functions}",
  journal = {ArXiv e-prints},
archivePrefix = "arXiv",
   eprint = {1806.04838},
 primaryClass = "stat.ML",
     year = 2018,
    month = jun,
}

@ARTICLE{Riess2018,
   author = {{Riess}, A.~G. and {Rodney}, S.~A. and {Scolnic}, D.~M. and 
	{Shafer}, D.~L. and {Strolger}, L.-G. and {Ferguson}, H.~C. and 
	{Postman}, M. and {Graur}, O. and {Maoz}, D. and {Jha}, S.~W. and 
	{Mobasher}, B. and {Casertano}, S. and {Hayden}, B. and {Molino}, A. and 
	{Hjorth}, J. and {Garnavich}, P.~M. and {Jones}, D.~O. and {Kirshner}, R.~P. and 
	{Koekemoer}, A.~M. and {Grogin}, N.~A. and {Brammer}, G. and 
	{Hemmati}, S. and {Dickinson}, M. and {Challis}, P.~M. and {Wolff}, S. and 
	{Clubb}, K.~I. and {Filippenko}, A.~V. and {Nayyeri}, H. and 
	{Vivian}, U. and {Koo}, D.~C. and {Faber}, S.~M. and {Kocevski}, D. and 
	{Bradley}, L. and {Coe}, D.},
    title = "{Type Ia Supernova Distances at Redshift $\gt$1.5 from the Hubble Space Telescope Multi-cycle Treasury Programs: The Early Expansion Rate}",
  journal = {\apj},
archivePrefix = "arXiv",
   eprint = {1710.00844},
 keywords = {cosmology: observations, methods: observational, supernovae: general },
     year = 2018,
    month = feb,
   volume = 853,
      eid = {126},
    pages = {126},
      doi = {10.3847/1538-4357/aaa5a9},
   adsurl = {http://adsabs.harvard.edu/abs/2018ApJ...853..126R},
  adsnote = {Provided by the SAO/NASA Astrophysics Data System}
}

@ARTICLE{Bernstein2012,
   author = {{Bernstein}, J.~P. and {Kessler}, R. and {Kuhlmann}, S. and 
	{Biswas}, R. and {Kovacs}, E. and {Aldering}, G. and {Crane}, I. and 
	{D'Andrea}, C.~B. and {Finley}, D.~A. and {Frieman}, J.~A. and 
	{Hufford}, T. and {Jarvis}, M.~J. and {Kim}, A.~G. and {Marriner}, J. and 
	{Mukherjee}, P. and {Nichol}, R.~C. and {Nugent}, P. and {Parkinson}, D. and 
	{Reis}, R.~R.~R. and {Sako}, M. and {Spinka}, H. and {Sullivan}, M.
	},
    title = "{Supernova Simulations and Strategies for the Dark Energy Survey}",
  journal = {\apj},
archivePrefix = "arXiv",
   eprint = {1111.1969},
 keywords = {cosmological parameters, dark energy, supernovae: general},
     year = 2012,
    month = jul,
   volume = 753,
      eid = {152},
    pages = {152},
      doi = {10.1088/0004-637X/753/2/152},
   adsurl = {http://adsabs.harvard.edu/abs/2012ApJ...753..152B},
  adsnote = {Provided by the SAO/NASA Astrophysics Data System}
}

@ARTICLE{Komiyama2018,
   author = {{Komiyama}, Y. and {Obuchi}, Y. and {Nakaya}, H. and {Kamata}, Y. and 
	{Kawanomoto}, S. and {Utsumi}, Y. and {Miyazaki}, S. and {Uraguchi}, F. and 
	{Furusawa}, H. and {Morokuma}, T. and {Uchida}, T. and {Miyatake}, H. and 
	{Mineo}, S. and {Fujimori}, H. and {Aihara}, H. and {Karoji}, H. and 
	{Gunn}, J.~E. and {Wang}, S.-Y.},
    title = "{Hyper Suprime-Cam: Camera dewar design}",
  journal = {\pasj},
 keywords = {instrumentation: detectors, instrumentation: photometers, techniques: photometric},
     year = 2018,
    month = jan,
   volume = 70,
      eid = {S2},
    pages = {S2},
      doi = {10.1093/pasj/psx069},
   adsurl = {http://adsabs.harvard.edu/abs/2018PASJ...70S...2K},
  adsnote = {Provided by the SAO/NASA Astrophysics Data System}
}

@ARTICLE{Furusawa2018,
   author = {{Furusawa}, H. and {Koike}, M. and {Takata}, T. and {Okura}, Y. and 
	{Miyatake}, H. and {Lupton}, R.~H. and {Bickerton}, S. and {Price}, P.~A. and 
	{Bosch}, J. and {Yasuda}, N. and {Mineo}, S. and {Yamada}, Y. and 
	{Miyazaki}, S. and {Nakata}, F. and {Koshida}, S. and {Komiyama}, Y. and 
	{Utsumi}, Y. and {Kawanomoto}, S. and {Jeschke}, E. and {Noumaru}, J. and 
	{Schubert}, K. and {Iwata}, I. and {Finet}, F. and {Fujiyoshi}, T. and 
	{Tajitsu}, A. and {Terai}, T. and {Lee}, C.-H.},
    title = "{The on-site quality-assurance system for Hyper Suprime-Cam: OSQAH}",
  journal = {\pasj},
 keywords = {cosmology: observations, methods: data analysis, methods: observational, surveys},
     year = 2018,
    month = jan,
   volume = 70,
      eid = {S3},
    pages = {S3},
      doi = {10.1093/pasj/psx079},
   adsurl = {http://adsabs.harvard.edu/abs/2018PASJ...70S...3F},
  adsnote = {Provided by the SAO/NASA Astrophysics Data System}
}

@Article{Kawanomoto2018,
   author = {{Kawanomoto}, S. and {Uraguchi}, F. and {Komiyama}, Y. and 
    {Miyazaki}, S. and {Furusawa}, H. and {Finet}, F. and 
    {Hattori}, T. and {Wang}, S.Y. and {Yasuda}, N. and {Suzuki}, N.},
    title = "{Hyper Suprime-Cam: Filters}",
  journal = {\pasj},
 keywords = {instrumentation: miscellaneous},
     year = 2018,
    pages = {in\ prep}
}



@ARTICLE{poznanski07,
   author = {{Poznanski}, D. and {Maoz}, D. and {Yasuda}, N. and {Foley}, R.~J. and 
	{Doi}, M. and {Filippenko}, A.~V. and {Fukugita}, M. and {Gal-Yam}, A. and 
	{Jannuzi}, B.~T. and {Morokuma}, T. and {Oda}, T. and {Schweiker}, H. and 
	{Sharon}, K. and {Silverman}, J.~M. and {Totani}, T.},
    title = "{Supernovae in the Subaru Deep Field: an initial sample and Type Ia rate out to redshift 1.6}",
  journal = {\mnras},
archivePrefix = "arXiv",
   eprint = {0707.0393},
 keywords = {surveys, supernovae: general, cosmology: miscellaneous, cosmology: observations},
     year = 2007,
    month = dec,
   volume = 382,
    pages = {1169-1186},
      doi = {10.1111/j.1365-2966.2007.12424.x},
   adsurl = {http://adsabs.harvard.edu/abs/2007MNRAS.382.1169P},
  adsnote = {Provided by the SAO/NASA Astrophysics Data System}
}



@ARTICLE{morokuma08,
   author = {{Morokuma}, T. and {Doi}, M. and {Yasuda}, N. and {Akiyama}, M. and 
	{Sekiguchi}, K. and {Furusawa}, H. and {Ueda}, Y. and {Totani}, T. and 
	{Oda}, T. and {Nagao}, T. and {Kashikawa}, N. and {Murayama}, T. and 
	{Ouchi}, M. and {Watson}, M.~G. and {Richmond}, M.~W. and {Lidman}, C. and 
	{Perlmutter}, S. and {Spadafora}, A.~L. and {Aldering}, G. and 
	{Wang}, L. and {Hook}, I.~M. and {Knop}, R.~A.},
    title = "{The Subaru/XMM-Newton Deep Survey (SXDS). V. Optically Faint Variable Object Survey}",
  journal = {\apj},
archivePrefix = "arXiv",
   eprint = {0712.3108},
 keywords = {galaxies: active, stars: variables: other, supernovae: general, surveys},
     year = 2008,
    month = mar,
   volume = 676,
    pages = {163-183},
      doi = {10.1086/527467},
   adsurl = {http://adsabs.harvard.edu/abs/2008ApJ...676..163M},
  adsnote = {Provided by the SAO/NASA Astrophysics Data System}
}



@ARTICLE{tanaka16,
   author = {{Tanaka}, M. and {Tominaga}, N. and {Morokuma}, T. and {Yasuda}, N. and 
	{Furusawa}, H. and {Baklanov}, P.~V. and {Blinnikov}, S.~I. and 
	{Moriya}, T.~J. and {Doi}, M. and {Jiang}, J.-a. and {Kato}, T. and 
	{Kikuchi}, Y. and {Kuncarayakti}, H. and {Nagao}, T. and {Nomoto}, K. and 
	{Taniguchi}, Y.},
    title = "{Rapidly Rising Transients from the Subaru Hyper Suprime-Cam Transient Survey}",
  journal = {\apj},
archivePrefix = "arXiv",
   eprint = {1601.03261},
 primaryClass = "astro-ph.HE",
 keywords = {supernovae: general},
     year = 2016,
    month = mar,
   volume = 819,
      eid = {5},
    pages = {5},
      doi = {10.3847/0004-637X/819/1/5},
   adsurl = {http://adsabs.harvard.edu/abs/2016ApJ...819....5T},
  adsnote = {Provided by the SAO/NASA Astrophysics Data System}
}

@ARTICLE{Sako2011,
   author = {{Sako}, M. and {Bassett}, B. and {Connolly}, B. and {Dilday}, B. and 
	{Cambell}, H. and {Frieman}, J.~A. and {Gladney}, L. and {Kessler}, R. and 
	{Lampeitl}, H. and {Marriner}, J. and {Miquel}, R. and {Nichol}, R.~C. and 
	{Schneider}, D.~P. and {Smith}, M. and {Sollerman}, J.},
    title = "{Photometric Type Ia Supernova Candidates from the Three-year SDSS-II SN Survey Data}",
  journal = {\apj},
archivePrefix = "arXiv",
   eprint = {1107.5106},
 keywords = {cosmology: observations, supernovae: general, surveys},
     year = 2011,
    month = sep,
   volume = 738,
      eid = {162},
    pages = {162},
      doi = {10.1088/0004-637X/738/2/162},
   adsurl = {http://adsabs.harvard.edu/abs/2011ApJ...738..162S},
  adsnote = {Provided by the SAO/NASA Astrophysics Data System}
}

@ARTICLE{Jones2017,
   author = {{Jones}, D.~O. and {Scolnic}, D.~M. and {Riess}, A.~G. and {Kessler}, R. and 
	{Rest}, A. and {Kirshner}, R.~P. and {Berger}, E. and {Ortega}, C.~A. and 
	{Foley}, R.~J. and {Chornock}, R. and {Challis}, P.~J. and {Burgett}, W.~S. and 
	{Chambers}, K.~C. and {Draper}, P.~W. and {Flewelling}, H. and 
	{Huber}, M.~E. and {Kaiser}, N. and {Kudritzki}, R.-P. and {Metcalfe}, N. and 
	{Wainscoat}, R.~J. and {Waters}, C.},
    title = "{Measuring the Properties of Dark Energy with Photometrically Classified Pan-STARRS Supernovae. I. Systematic Uncertainty from Core-collapse Supernova Contamination}",
  journal = {\apj},
archivePrefix = "arXiv",
   eprint = {1611.07042},
 keywords = {cosmology: observations, dark energy, supernovae: general},
     year = 2017,
    month = jul,
   volume = 843,
      eid = {6},
    pages = {6},
      doi = {10.3847/1538-4357/aa767b},
   adsurl = {http://adsabs.harvard.edu/abs/2017ApJ...843....6J},
  adsnote = {Provided by the SAO/NASA Astrophysics Data System}
}

@ARTICLE{SDSS_DR12,
   author = {{Alam}, S. and {Albareti}, F.~D. and {Allende Prieto}, C. and 
	{Anders}, F. and {Anderson}, S.~F. and {Anderton}, T. and {Andrews}, B.~H. and 
	{Armengaud}, E. and {Aubourg}, {\'E}. and {Bailey}, S. and et al.},
    title = "{The Eleventh and Twelfth Data Releases of the Sloan Digital Sky Survey: Final Data from SDSS-III}",
  journal = {\apjs},
archivePrefix = "arXiv",
   eprint = {1501.00963},
 primaryClass = "astro-ph.IM",
 keywords = {atlases, catalogs, surveys},
     year = 2015,
    month = jul,
   volume = 219,
      eid = {12},
    pages = {12},
      doi = {10.1088/0067-0049/219/1/12},
   adsurl = {http://adsabs.harvard.edu/abs/2015ApJS..219...12A},
  adsnote = {Provided by the SAO/NASA Astrophysics Data System}
}

@ARTICLE{PRIMUS_DR1_1,
   author = {{Coil}, A.~L. and {Blanton}, M.~R. and {Burles}, S.~M. and {Cool}, R.~J. and 
	{Eisenstein}, D.~J. and {Moustakas}, J. and {Wong}, K.~C. and 
	{Zhu}, G. and {Aird}, J. and {Bernstein}, R.~A. and {Bolton}, A.~S. and 
	{Hogg}, D.~W.},
    title = "{The PRIsm MUlti-object Survey (PRIMUS). I. Survey Overview and Characteristics}",
  journal = {\apj},
archivePrefix = "arXiv",
   eprint = {1011.4307},
 keywords = {galaxies: distances and redshifts, galaxies: evolution, galaxies: high-redshift, large-scale structure of universe, surveys},
     year = 2011,
    month = nov,
   volume = 741,
      eid = {8},
    pages = {8},
      doi = {10.1088/0004-637X/741/1/8},
   adsurl = {http://adsabs.harvard.edu/abs/2011ApJ...741....8C},
  adsnote = {Provided by the SAO/NASA Astrophysics Data System}
}

@ARTICLE{PRIMUS_DR1_2,
   author = {{Cool}, R.~J. and {Moustakas}, J. and {Blanton}, M.~R. and {Burles}, S.~M. and 
	{Coil}, A.~L. and {Eisenstein}, D.~J. and {Wong}, K.~C. and 
	{Zhu}, G. and {Aird}, J. and {Bernstein}, R.~A. and {Bolton}, A.~S. and 
	{Hogg}, D.~W. and {Mendez}, A.~J.},
    title = "{The PRIsm MUlti-object Survey (PRIMUS). II. Data Reduction and Redshift Fitting}",
  journal = {\apj},
archivePrefix = "arXiv",
   eprint = {1303.2672},
 keywords = {galaxies: distances and redshifts, galaxies: evolution, galaxies: high-redshift, large-scale structure of universe, surveys},
     year = 2013,
    month = apr,
   volume = 767,
      eid = {118},
    pages = {118},
      doi = {10.1088/0004-637X/767/2/118},
   adsurl = {http://adsabs.harvard.edu/abs/2013ApJ...767..118C},
  adsnote = {Provided by the SAO/NASA Astrophysics Data System}
}

@ARTICLE{VVDS,
   author = {{Le F{\`e}vre}, O. and {Cassata}, P. and {Cucciati}, O. and 
	{Garilli}, B. and {Ilbert}, O. and {Le Brun}, V. and {Maccagni}, D. and 
	{Moreau}, C. and {Scodeggio}, M. and {Tresse}, L. and {Zamorani}, G. and 
	{Adami}, C. and {Arnouts}, S. and {Bardelli}, S. and {Bolzonella}, M. and 
	{Bondi}, M. and {Bongiorno}, A. and {Bottini}, D. and {Cappi}, A. and 
	{Charlot}, S. and {Ciliegi}, P. and {Contini}, T. and {de la Torre}, S. and 
	{Foucaud}, S. and {Franzetti}, P. and {Gavignaud}, I. and {Guzzo}, L. and 
	{Iovino}, A. and {Lemaux}, B. and {L{\'o}pez-Sanjuan}, C. and 
	{McCracken}, H.~J. and {Marano}, B. and {Marinoni}, C. and {Mazure}, A. and 
	{Mellier}, Y. and {Merighi}, R. and {Merluzzi}, P. and {Paltani}, S. and 
	{Pell{\`o}}, R. and {Pollo}, A. and {Pozzetti}, L. and {Scaramella}, R. and 
	{Tasca}, L. and {Vergani}, D. and {Vettolani}, G. and {Zanichelli}, A. and 
	{Zucca}, E.},
    title = "{The VIMOS VLT Deep Survey final data release: a spectroscopic sample of 35 016 galaxies and AGN out to z \~{} 6.7 selected with 17.5 {\le} i$_{AB}$ {\le} 24.75}",
  journal = {\aap},
archivePrefix = "arXiv",
   eprint = {1307.0545},
 keywords = {galaxies: evolution, galaxies: formation, galaxies: high-redshift, cosmology: observations, large-scale structure of Universe, surveys},
     year = 2013,
    month = nov,
   volume = 559,
      eid = {A14},
    pages = {A14},
      doi = {10.1051/0004-6361/201322179},
   adsurl = {http://adsabs.harvard.edu/abs/2013A%26A...559A..14L},
  adsnote = {Provided by the SAO/NASA Astrophysics Data System}
}

@ARTICLE{zCOSMOS_DR3,
   author = {{Lilly}, S.~J. and {Le Brun}, V. and {Maier}, C. and {Mainieri}, V. and 
	{Mignoli}, M. and {Scodeggio}, M. and {Zamorani}, G. and {Carollo}, M. and 
	{Contini}, T. and {Kneib}, J.-P. and {Le F{\`e}vre}, O. and 
	{Renzini}, A. and {Bardelli}, S. and {Bolzonella}, M. and {Bongiorno}, A. and 
	{Caputi}, K. and {Coppa}, G. and {Cucciati}, O. and {de la Torre}, S. and 
	{de Ravel}, L. and {Franzetti}, P. and {Garilli}, B. and {Iovino}, A. and 
	{Kampczyk}, P. and {Kovac}, K. and {Knobel}, C. and {Lamareille}, F. and 
	{Le Borgne}, J.-F. and {Pello}, R. and {Peng}, Y. and {P{\'e}rez-Montero}, E. and 
	{Ricciardelli}, E. and {Silverman}, J.~D. and {Tanaka}, M. and 
	{Tasca}, L. and {Tresse}, L. and {Vergani}, D. and {Zucca}, E. and 
	{Ilbert}, O. and {Salvato}, M. and {Oesch}, P. and {Abbas}, U. and 
	{Bottini}, D. and {Capak}, P. and {Cappi}, A. and {Cassata}, P. and 
	{Cimatti}, A. and {Elvis}, M. and {Fumana}, M. and {Guzzo}, L. and 
	{Hasinger}, G. and {Koekemoer}, A. and {Leauthaud}, A. and {Maccagni}, D. and 
	{Marinoni}, C. and {McCracken}, H. and {Memeo}, P. and {Meneux}, B. and 
	{Porciani}, C. and {Pozzetti}, L. and {Sanders}, D. and {Scaramella}, R. and 
	{Scarlata}, C. and {Scoville}, N. and {Shopbell}, P. and {Taniguchi}, Y.
	},
    title = "{The zCOSMOS 10k-Bright Spectroscopic Sample}",
  journal = {\apjs},
 keywords = {cosmology: observations, galaxies: active, galaxies: distances and redshifts, galaxies: evolution, large-scale structure of universe, quasars: general, surveys},
     year = 2009,
    month = oct,
   volume = 184,
    pages = {218-229},
      doi = {10.1088/0067-0049/184/2/218},
   adsurl = {http://adsabs.harvard.edu/abs/2009ApJS..184..218L},
  adsnote = {Provided by the SAO/NASA Astrophysics Data System}
}

@ARTICLE{3DHST_1,
   author = {{Skelton}, R.~E. and {Whitaker}, K.~E. and {Momcheva}, I.~G. and 
	{Brammer}, G.~B. and {van Dokkum}, P.~G. and {Labb{\'e}}, I. and 
	{Franx}, M. and {van der Wel}, A. and {Bezanson}, R. and {Da Cunha}, E. and 
	{Fumagalli}, M. and {F{\"o}rster Schreiber}, N. and {Kriek}, M. and 
	{Leja}, J. and {Lundgren}, B.~F. and {Magee}, D. and {Marchesini}, D. and 
	{Maseda}, M.~V. and {Nelson}, E.~J. and {Oesch}, P. and {Pacifici}, C. and 
	{Patel}, S.~G. and {Price}, S. and {Rix}, H.-W. and {Tal}, T. and 
	{Wake}, D.~A. and {Wuyts}, S.},
    title = "{3D-HST WFC3-selected Photometric Catalogs in the Five CANDELS/3D-HST Fields: Photometry, Photometric Redshifts, and Stellar Masses}",
  journal = {\apjs},
archivePrefix = "arXiv",
   eprint = {1403.3689},
 keywords = {catalogs, galaxies: evolution, galaxies: general, methods: data analysis, techniques: photometric },
     year = 2014,
    month = oct,
   volume = 214,
      eid = {24},
    pages = {24},
      doi = {10.1088/0067-0049/214/2/24},
   adsurl = {http://adsabs.harvard.edu/abs/2014ApJS..214...24S},
  adsnote = {Provided by the SAO/NASA Astrophysics Data System}
}

@ARTICLE{3DHST_2,
   author = {{Momcheva}, I.~G. and {Brammer}, G.~B. and {van Dokkum}, P.~G. and 
	{Skelton}, R.~E. and {Whitaker}, K.~E. and {Nelson}, E.~J. and 
	{Fumagalli}, M. and {Maseda}, M.~V. and {Leja}, J. and {Franx}, M. and 
	{Rix}, H.-W. and {Bezanson}, R. and {Da Cunha}, E. and {Dickey}, C. and 
	{F{\"o}rster Schreiber}, N.~M. and {Illingworth}, G. and {Kriek}, M. and 
	{Labb{\'e}}, I. and {Ulf Lange}, J. and {Lundgren}, B.~F. and 
	{Magee}, D. and {Marchesini}, D. and {Oesch}, P. and {Pacifici}, C. and 
	{Patel}, S.~G. and {Price}, S. and {Tal}, T. and {Wake}, D.~A. and 
	{van der Wel}, A. and {Wuyts}, S.},
    title = "{The 3D-HST Survey: Hubble Space Telescope WFC3/G141 Grism Spectra, Redshifts, and Emission Line Measurements for \~{} 100,000 Galaxies}",
  journal = {\apjs},
archivePrefix = "arXiv",
   eprint = {1510.02106},
 keywords = {catalogs, galaxies: evolution, methods: data analysis, techniques: spectroscopic},
     year = 2016,
    month = aug,
   volume = 225,
      eid = {27},
    pages = {27},
      doi = {10.3847/0067-0049/225/2/27},
   adsurl = {http://adsabs.harvard.edu/abs/2016ApJS..225...27M},
  adsnote = {Provided by the SAO/NASA Astrophysics Data System}
}

@inproceedings{optuna,
 author = {Akiba, Takuya and Sano, Shotaro and Yanase, Toshihiko and Ohta, Takeru and Koyama, Masanori},
 title = {Optuna: A Next-generation Hyperparameter Optimization Framework},
 booktitle = {Proceedings of the 25th ACM SIGKDD International Conference on Knowledge Discovery \& Data Mining},
 series = {KDD '19},
 year = {2019},
 isbn = {978-1-4503-6201-6},
 location = {Anchorage, AK, USA},
 pages = {2623--2631},
 numpages = {9},
 memo={ url = {http://doi.acm.org/10.1145/3292500.3330701}},
 doi = {10.1145/3292500.3330701},
 acmid = {3330701},
 publisher = {ACM},
 address = {New York, NY, USA},
 keywords = {Bayesian optimization, black-box optimization, hyperparameter optimization, machine learning system},
}

@article{dropout,
  author  = {Nitish Srivastava and Geoffrey Hinton and Alex Krizhevsky and Ilya Sutskever and Ruslan Salakhutdinov},
  title   = {Dropout: A Simple Way to Prevent Neural Networks from Overfitting},
  journal = {Journal of Machine Learning Research},
  year    = {2014},
  volume  = {15},
  pages   = {1929-1958},
  memo={ url     = {http://jmlr.org/papers/v15/srivastava14a.html}},
}

@inproceedings{highway,
 author = {Srivastava, Rupesh Kumar and Greff, Klaus and Schmidhuber, J\"{u}rgen},
 title = {Training Very Deep Networks},
 booktitle = {Proceedings of the 28th International Conference on Neural Information Processing Systems - Volume 2},
 series = {NIPS'15},
 year = {2015},
 location = {Montreal, Canada},
 pages = {2377--2385},
 numpages = {9},
 memo = {url = {http://dl.acm.org/citation.cfm?id=2969442.2969505}},
 acmid = {2969505},
 publisher = {MIT Press},
 address = {Cambridge, MA, USA},
} 

@InProceedings{batch_norm,
  title = 	 {Batch Normalization: Accelerating Deep Network Training by Reducing Internal Covariate Shift},
  author = 	 {Sergey Ioffe and Christian Szegedy},
  booktitle = 	 {Proceedings of the 32nd International Conference on Machine Learning},
  pages = 	 {448--456},
  year = 	 {2015},
  editor = 	 {Francis Bach and David Blei},
  volume = 	 {37},
  series = 	 {Proceedings of Machine Learning Research},
  address = 	 {Lille, France},
  month = 	 {07--09 Jul},
  publisher = 	 {PMLR},
  pdf = 	 {http://proceedings.mlr.press/v37/ioffe15.pdf},
  memo = {url = 	 {http://proceedings.mlr.press/v37/ioffe15.html},},
  abstract = 	 {Training Deep Neural Networks is complicated by the fact that the distribution of each layer’s inputs changes during training, as the parameters of the previous layers change. This slows down the training by requiring lower learning rates and careful parameter initialization, and makes it notoriously hard to train models with saturating nonlinearities. We refer to this phenomenon as internal covariate shift, and address the problem by normalizing layer inputs. Our method draws its strength from making normalization a part of the model architecture and performing the normalization for each training mini-batch. Batch Normalization allows us to use much higher learning rates and be less careful about initialization, and in some cases eliminates the need for Dropout. Applied to a stateof-the-art image classification model, Batch Normalization achieves the same accuracy with 14 times fewer training steps, and beats the original model by a significant margin. Using an ensemble of batch-normalized networks, we improve upon the best published result on ImageNet classification: reaching 4.82% top-5 test error, exceeding the accuracy of human raters.}
}

@incollection{understanding_batch_norm,
title = {Understanding Batch Normalization},
author = {Bjorck, Nils and Gomes, Carla P and Selman, Bart and Weinberger, Kilian Q},
booktitle = {Advances in Neural Information Processing Systems 31},
editor = {S. Bengio and H. Wallach and H. Larochelle and K. Grauman and N. Cesa-Bianchi and R. Garnett},
pages = {7694--7705},
year = {2018},
publisher = {Curran Associates, Inc.},
memo = {url = {http://papers.nips.cc/paper/7996-understanding-batch-normalization.pdf}}
}

@article{dropout_and_batch_norm,
  author    = {Xiang Li and
               Shuo Chen and
               Xiaolin Hu and
               Jian Yang},
  title     = {Understanding the Disharmony between Dropout and Batch Normalization
               by Variance Shift},
  journal   = {CoRR},
  volume    = {abs/1801.05134},
  year      = {2018},
  memo = {url       = {http://arxiv.org/abs/1801.05134},},
  archivePrefix = {arXiv},
  eprint    = {1801.05134},
  timestamp = {Fri, 11 Oct 2019 11:57:43 +0200},
  biburl    = {https://dblp.org/rec/bib/journals/corr/abs-1801-05134},
  bibsource = {dblp computer science bibliography, https://dblp.org}
}

@article{mixup,
  author    = {Hongyi Zhang and
               Moustapha Ciss{\'{e}} and
               Yann N. Dauphin and
               David Lopez{-}Paz},
  title     = {mixup: Beyond Empirical Risk Minimization},
  journal   = {CoRR},
  volume    = {abs/1710.09412},
  year      = {2017},
  memo      = {url       = {http://arxiv.org/abs/1710.09412}},
  archivePrefix = {arXiv},
  eprint    = {1710.09412},
  timestamp = {Mon, 13 Aug 2018 16:47:14 +0200},
  biburl    = {https://dblp.org/rec/bib/journals/corr/abs-1710-09412},
  bibsource = {dblp computer science bibliography, https://dblp.org}
}

%SNANA
@article{Kessler_2009,
	doi = {10.1086/605984},
	memo = {url = {https://doi.org/10.1086/605984}},
	year = 2009,
	month = {sep},
	publisher = {{IOP} Publishing},
	volume = {121},
	number = {883},
	pages = {1028--1035},
	author = {Richard Kessler and Joseph P. Bernstein and David Cinabro and Benjamin Dilday and Joshua A. Frieman and Saurabh Jha and Stephen Kuhlmann and Gajus Miknaitis and Masao Sako and Matt Taylor and Jake Vanderplas},
	title = {{SNANA}: A Public Software Package for Supernova Analysis},
	journal = {Publications of the Astronomical Society of the Pacific},
	abstract = {We describe a general analysis package for supernova (SN) light curves, called SNANA, that contains a simulation, a light-curve fitter, and a cosmology fitter. The software is designed with the primary goal of using SNe Ia as distance indicators for the determination of cosmological parameters, but it can also be used to study efficiencies for analyses of SN rates, estimate contamination from non-Ia SNe, and optimize future surveys. Several SN models are available within the same software architecture, allowing technical features such as K-corrections to be consistently used among multiple models, and thus making it easier to make detailed comparisons between models. New and improved light-curve models can be easily added. The software works with arbitrary surveys and telescopes and has already been used by several collaborations, leading to more robust and easy-to-use code. This software is not intended as a final product release, but rather it is designed to undergo continual improvements from the community as more is learned about SNe. We give an overview of the SNANA capabilities, as well as some of its limitations.}
}

@ARTICLE{plasticc_models,
       author = {{Kessler}, R. and {Narayan}, G. and {Avelino}, A. and {Bachelet}, E. and
         {Biswas}, R. and {Brown}, P.~J. and {Chernoff}, D.~F. and
         {Connolly}, A.~J. and {Dai}, M. and {Daniel}, S. and {Di Stefano}, R. and
         {Drout}, M.~R. and {Galbany}, L. and {Gonz{\'a}lez-Gait{\'a}n}, S. and
         {Graham}, M.~L. and {Hlo{\v{z}}ek}, R. and {Ishida}, E.~E.~O. and
         {Guillochon}, J. and {Jha}, S.~W. and {Jones}, D.~O. and {Mand
        el}, K.~S. and {Muthukrishna}, D. and {O'Grady}, A. and {Peters}, C.~M. and
         {Pierel}, J.~R. and {Ponder}, K.~A. and {Pr{\v{s}}a}, A. and
         {Rodney}, S. and {Villar}, V.~A.},
        title = "{Models and Simulations for the Photometric LSST Astronomical Time Series Classification Challenge (PLAsTiCC)}",
      journal = {arXiv e-prints},
     keywords = {Astrophysics - High Energy Astrophysical Phenomena},
         year = "2019",
        month = "Mar",
          eid = {arXiv:1903.11756},
        pages = {arXiv:1903.11756},
archivePrefix = {arXiv},
       eprint = {1903.11756},
 primaryClass = {astro-ph.HE},
       adsurl = {https://ui.adsabs.harvard.edu/\#abs/2019arXiv190311756K},
      adsnote = {Provided by the SAO/NASA Astrophysics Data System}
}

%Guy_2010
@ARTICLE{Guy_2010,
   author = {{Guy}, J. and {Sullivan}, M. and {Conley}, A. and {Regnault}, N. and 
	{Astier}, P. and {Balland}, C. and {Basa}, S. and {Carlberg}, R.~G. and 
	{Fouchez}, D. and {Hardin}, D. and {Hook}, I.~M. and {Howell}, D.~A. and 
	{Pain}, R. and {Palanque-Delabrouille}, N. and {Perrett}, K.~M. and 
	{Pritchet}, C.~J. and {Rich}, J. and {Ruhlmann-Kleider}, V. and 
	{Balam}, D. and {Baumont}, S. and {Ellis}, R.~S. and {Fabbro}, S. and 
	{Fakhouri}, H.~K. and {Fourmanoit}, N. and {Gonz{\'a}lez-Gait{\'a}n}, S. and 
	{Graham}, M.~L. and {Hsiao}, E. and {Kronborg}, T. and {Lidman}, C. and 
	{Mourao}, A.~M. and {Perlmutter}, S. and {Ripoche}, P. and {Suzuki}, N. and 
	{Walker}, E.~S.},
    title = "{The Supernova Legacy Survey 3-year sample: Type Ia supernovae photometric distances and cosmological constraints}",
  journal = {\aap},
archivePrefix = "arXiv",
   eprint = {1010.4743},
 keywords = {supernovae: general, cosmology: observations},
     year = 2010,
    month = nov,
   volume = 523,
      eid = {A7},
    pages = {A7},
      doi = {10.1051/0004-6361/201014468},
   adsurl = {https://ui.adsabs.harvard.edu/abs/2010A%26A...523A...7G},
  adsnote = {Provided by the SAO/NASA Astrophysics Data System}
}

%Mosher_2014
@article{Mosher_2014,
	doi = {10.1088/0004-637x/793/1/16},
	memo = {url = {https://doi.org/10.1088/0004-637x/2F793/1/16}},
	year = 2014,
	month = {aug},
	publisher = {{IOP} Publishing},
	volume = {793},
	number = {1},
	pages = {16},
	author = {J. Mosher and J. Guy and R. Kessler and P. Astier and J. Marriner and M. Betoule and M. Sako and P. El-Hage and R. Biswas and R. Pain and S. Kuhlmann and N. Regnault and J. A. Frieman and D. P. Schneider},
	title = {{COSMOLOGICAL} {PARAMETER} {UNCERTAINTIES} {FROM} {SALT}-{II} {TYPE} {IA} {SUPERNOVA} {LIGHT} {CURVE} {MODELS}},
	journal = {The Astrophysical Journal},
	abstract = {We use simulated type Ia supernova (SN Ia) samples, including both photometry and spectra, to perform the first direct validation of cosmology analysis using the SALT-II light curve model. This validation includes residuals from the light curve training process, systematic biases in SN Ia distance measurements, and a bias on the dark energy equation of state parameter w. Using the SN-analysis package SNANA, we simulate and analyze realistic samples corresponding to the data samples used in the SNLS3 analysis: ∼120 low-redshift (z < 0.1) SNe Ia, ∼255 Sloan Digital Sky Survey SNe Ia (z < 0.4), and ∼290 SNLS SNe Ia (z ⩽ 1). To probe systematic uncertainties in detail, we vary the input spectral model, the model of intrinsic scatter, and the smoothing (i.e., regularization) parameters used during the SALT-II model training. Using realistic intrinsic scatter models results in a slight bias in the ultraviolet portion of the trained SALT-II model, and w biases (w input – w recovered) ranging from –0.005  ±  0.012 to –0.024 ± 0.010. These biases are indistinguishable from each other within the uncertainty; the average bias on w is –0.014 ± 0.007.}
}

%Kyle 2019
@ARTICLE{2019arXiv190704690B,
       author = {{Boone}, Kyle},
        title = "{Avocado: Photometric Classification of Astronomical Transients with Gaussian Process Augmentation}",
      journal = {arXiv e-prints},
     keywords = {Astrophysics - Instrumentation and Methods for Astrophysics},
         year = "2019",
        month = "Jul",
          eid = {arXiv:1907.04690},
        pages = {arXiv:1907.04690},
archivePrefix = {arXiv},
       eprint = {1907.04690},
 primaryClass = {astro-ph.IM},
       adsurl = {https://ui.adsabs.harvard.edu/abs/2019arXiv190704690B},
      adsnote = {Provided by the SAO/NASA Astrophysics Data System}
}

%Salvato 2009
@ARTICLE{Salvato_2009,
       author = {{Salvato}, M. and {Hasinger}, G. and {Ilbert}, O. and {Zamorani}, G. and
         {Brusa}, M. and {Scoville}, N.~Z. and {Rau}, A. and {Capak}, P. and
         {Arnouts}, S. and {Aussel}, H. and {Bolzonella}, M. and
         {Buongiorno}, A. and {Cappelluti}, N. and {Caputi}, K. and
         {Civano}, F. and {Cook}, R. and {Elvis}, M. and {Gilli}, R. and
         {Jahnke}, K. and {Kartaltepe}, J.~S. and {Impey}, C.~D. and
         {Lamareille}, F. and {Le Floc'h}, E. and {Lilly}, S. and
         {Mainieri}, V. and {McCarthy}, P. and {McCracken}, H. and
         {Mignoli}, M. and {Mobasher}, B. and {Murayama}, T. and {Sasaki}, S. and
         {Sanders}, D.~B. and {Schiminovich}, D. and {Shioya}, Y. and
         {Shopbell}, P. and {Silverman}, J. and {Smol{\v{c}}i{\'c}}, V. and
         {Surace}, J. and {Taniguchi}, Y. and {Thompson}, D. and {Trump}, J.~R. and
         {Urry}, M. and {Zamojski}, M.},
        title = "{Photometric Redshift and Classification for the XMM-COSMOS Sources}",
      journal = {\apj},
     keywords = {catalogs, galaxies: active, methods: miscellaneous, Astrophysics},
         year = "2009",
        month = "Jan",
       volume = {690},
       number = {2},
        pages = {1250-1263},
          doi = {10.1088/0004-637X/690/2/1250},
archivePrefix = {arXiv},
       eprint = {0809.2098},
 primaryClass = {astro-ph},
       adsurl = {https://ui.adsabs.harvard.edu/abs/2009ApJ...690.1250S},
      adsnote = {Provided by the SAO/NASA Astrophysics Data System}
}

%Salvato 2019
@ARTICLE{Salvato_2019,
       author = {{Salvato}, Mara and {Ilbert}, Olivier and {Hoyle}, Ben},
        title = "{The many flavours of photometric redshifts}",
      journal = {Nature Astronomy},
     keywords = {Astrophysics - Astrophysics of Galaxies},
         year = "2019",
        month = "Jun",
       volume = {3},
        pages = {212-222},
          doi = {10.1038/s41550-018-0478-0},
archivePrefix = {arXiv},
       eprint = {1805.12574},
 primaryClass = {astro-ph.GA},
       adsurl = {https://ui.adsabs.harvard.edu/abs/2019NatAs...3..212S},
      adsnote = {Provided by the SAO/NASA Astrophysics Data System}
}

%M. Li 2011
@ARTICLE{Li_2011,
       author = {{Li}, Weidong and {Leaman}, Jesse and {Chornock}, Ryan and
         {Filippenko}, Alexei V. and {Poznanski}, Dovi and
         {Ganeshalingam}, Mohan and {Wang}, Xiaofeng and {Modjaz}, Maryam and
         {Jha}, Saurabh and {Foley}, Ryan J. and {Smith}, Nathan},
        title = "{Nearby supernova rates from the Lick Observatory Supernova Search - II. The observed luminosity functions and fractions of supernovae in a complete sample}",
      journal = {\mnras},
     keywords = {Astrophysics - Solar and Stellar Astrophysics, Astrophysics - Cosmology and Nongalactic Astrophysics, Astrophysics - High Energy Astrophysical Phenomena},
         year = "2011",
        month = "Apr",
       volume = {412},
       number = {3},
        pages = {1441-1472},
          doi = {10.1111/j.1365-2966.2011.18160.x},
archivePrefix = {arXiv},
       eprint = {1006.4612},
 primaryClass = {astro-ph.SR},
       adsurl = {https://ui.adsabs.harvard.edu/abs/2011MNRAS.412.1441L},
      adsnote = {Provided by the SAO/NASA Astrophysics Data System}
}

%LightGBM
@inproceedings{Ke:2017:LHE:3294996.3295074,
 author = {Ke, Guolin and Meng, Qi and Finley, Thomas and Wang, Taifeng and Chen, Wei and Ma, Weidong and Ye, Qiwei and Liu, Tie-Yan},
 title = {LightGBM: A Highly Efficient Gradient Boosting Decision Tree},
 booktitle = {Proceedings of the 31st International Conference on Neural Information Processing Systems},
 series = {NIPS'17},
 year = {2017},
 isbn = {978-1-5108-6096-4},
 location = {Long Beach, California, USA},
 pages = {3149--3157},
 numpages = {9},
 memo{url = {http://dl.acm.org/citation.cfm?id=3294996.3295074}},
 acmid = {3295074},
 publisher = {Curran Associates Inc.},
 address = {USA},
} 
